3388 5146
675 372 860 437 ..5-

172 557 238 619 tum
253 556 308 616 aut
319 569 449 634 prorsus
467 551 656 619 exstinctum
668 571 738 616 esse
752 550 852 616 videri
869 558 986 635 posset,
1006 552 1104 617 multo
1122 556 1196 636 post
1216 552 1255 616 in
1278 572 1362 619 ser·

172 672 285 717 mone
307 651 466 734 vulgari
489 651 540 717 vel
556 651 589 715 in
603 652 721 735 linguis
733 652 915 717 Romanicis
932 652 1035 719 dcnuo
1054 654 1087 717 in
1102 653 1203 734 lucem
1224 653 1361 718 emersit.

172 754 268 818 Velut
289 752 479 817 diademo
494 753 739 836 femininum
758 752 844 837 apud
864 753 1072 836 Pomponium
1088 754 1157 831 163,
1178 753 1262 840 apud
1276 756 1361 837 Apu·

172 855 268 921 leium
281 853 354 918 Met.
364 855 414 933 10,
433 854 484 934 30,
504 852 618 919 deinde
639 853 670 917 in
694 853 852 918 Chronico
865 854 1055 919 Altinatensi
1065 855 1090 936 1)
1113 853 1264 937 legimus:
1287 854 1361 918 inde

172 953 294 1018 Italicis
316 960 347 1018 et
373 953 527 1037 Hispanis
550 953 699 1018 diadema
727 971 811 1017 nunc
831 971 956 1036 quoque
979 953 1122 1018 feminini
1150 961 1199 1020 est
1225 954 1361 1037 generis.

148 1051 151 1058 '
173 1052 289 1139 spana
309 1052 395 1137 apud
409 1053 575 1119 Afranium
597 1053 741 1136 aliosque
763 1052 889 1134 priscae
902 1052 1084 1119 Latinitatis
1106 1061 1252 1121 auctores
1272 1054 1360 1119 femi-

172 1154 280 1218 ninum
301 1153 474 1235 invenitur,
503 1153 585 1218 unde
608 1173 672 1218 vox
693 1152 802 1217 italica
823 1152 934 1218 sirima
955 1155 1042 1220 iacta
1064 1162 1121 1220 est.
1161 1155 1250 1219 Aaou
1271 1154 1361 1219 femi-

172 1254 247 1320 nino
269 1255 379 1338 generi
401 1254 578 1320 tribuerunt
599 1274 661 1319 non
679 1255 774 1318 modo
788 1253 930 1319 Naevius
952 1261 983 1320 et
998 1255 1165 1337 Pacuvius,
1188 1253 1360 1320 sedetiam

172 1361 282 1421 auctor
301 1355 386 1419 vitae
408 1355 643 1421 vetustissimae
664 1355 697 1418 8.
721 1354 804 1419 Galli
828 1355 947 1438 alliquo
970 1356 1064 1422 medii
1088 1356 1158 1421 aevi
1181 1355 1360 1438 scriptores.

256 1455 485 1521 Abrotonum
504 1454 677 1526 Lucretius,
700 1454 855 1519 abrotano
877 1454 979 1519 Italici
1004 1454 1126 1536 dicunt,
1151 1458 1254 1521 corios
1269 1456 1361 1521 Plau·

173 1562 241 1637 tus,
268 1557 372 1621 Italici
396 1557 504 1641 ouoj03
534 1557 648 1620 dorsuo
670 1560 701 1619 et
717 1555 839 1637 foccos
860 1556 990 1620 Plautus
1012 1562 1043 1621 et
1063 1556 1161 1637 Itala,
1181 1558 1282 1639 forus
1302 1575 1361 1640 pro

174 1655 277 1720 forum
310 1655 449 1721 Lucilius
479 1663 510 1721 et
541 1655 701 1736 Isidorus3
734 1656 819 1720 lutus
851 1655 1002 1720 Claudius
1037 1655 1282 1740 Quadrigarius,
1315 1657 1360 1720 in-

174 1755 304 1839 scriptio
337 1756 550 1841 Pompejana,
582 1755 666 1821 aliae
703 1756 940 1841 inscriptiones,
973 1757 1138 1838 patibulos
1170 1758 1300 1823 Plautus
1331 1763 1363 1822 et

175 1855 307 1921 Carolus
329 1856 466 1939 Magnus
494 1858 525 1921 in
556 1856 744 1940 capitulario
772 1876 855 1920 anno
883 1857 945 1923 813
974 1859 1190 1940 promulga103
1222 1865 1363 1942 accptrus

172 1956 345 2037 Pacuvius,
369 1956 513 2040 francog.
537 1958 567 2022 le
589 1963 729 2041 soeptre3
750 1956 907 2041 symbolos
926 1958 1074 2040 Plautus,
1096 1958 1194 2023 franc.
1218 1958 1249 2024 lc
1277 1946 1361 2041 syru-

172 2057 259 2137 bolc;
282 2058 419 2122 tributus
439 2058 586 2139 Plautus,
609 2055 703 2133 (lato,
725 2056 779 2121 lex
801 2056 945 2123 Romana
960 2058 1140 2141 Utinensis,
1163 2059 1309 2141 francog.
1331 2057 1361 2123 le

172 2158 283 2237 tribum
304 2179 449 2223 murmur
469 2177 567 2236 maso.
591 2157 693 2222 Varro
715 2163 746 2221 et
766 2156 860 2223 Itala.

257 2257 374 2323 Contra
395 2279 546 2324 caecum
567 2258 684 2342 legitur
706 2256 791 2342 apud
805 2258 950 2322 Plautum
965 2277 1004 2322 ac
1016 2256 1168 2323 Catonem
1192 2264 1223 2323 et
1239 2257 1271 2322 in
1290 2257 1361 2324 Ori·

174 2358 255 2423 basii
276 2359 437 2439 versiono;
460 2360 599 2424 cotiarum
614 2357 700 2442 apud
712 2357 865 2423 Catonem
888 2364 919 2424 et
941 2359 971 2423 in
996 2358 1113 2425 Glossa
1129 2358 1214 2444 apud
1233 2358 1359 2424 Dicfen·

172 2459 335 2540 bachium3
359 2462 492 2525 culleum
513 2461 597 2544 apud
621 2458 773 2524 Catonem
796 2465 891 2541 atque
912 2458 1068 2524 Isidorum
1092 2464 1123 2524 et
1144 2460 1177 2523 in
1196 2459 1360 2525 Glossario

171 2560 421 2637 Diofenbaulrii;‚
440 2561 585 2645 plautium
609 2559 694 2644 apud
725 2559 895 2639 Lucilium,
922 2560 1003 2626 alios
1031 2559 1154 2644 priscos
1180 2560 1360 2643 scriptores,

170 2662 202 2746 ip
215 2661 308 2740 itala,
332 2661 417 2744 apud
429 2660 596 2744 Agnellum
619 2661 748 2726 saeculo
761 2681 861 2739 nono;
884 2662 1035 2726 mondum
1058 2660 1143 2744 apud
1156 2659 1309 2724 Lucilium
1330 2665 1362 2724 ct

171 2761 299 2825 infimae
325 2761 483 2845 quendam
513 2760 694 2826 Latinitatis
724 2772 900 2842 auctorem,
929 2782 1014 2847 panc
1043 2761 1129 2846 apud
1157 2761 1362 2826 Plautum-et

171 2862 363 2941 Arnobium3
395 2881 536 2947 aunpucn
556 2860 588 2925 in
610 2862 721 2944 lingua
741 2862 849 2946 prisca
871 2863 912 2927 ab
936 2864 1039 2927 Ennio
1063 2881 1160 2945 usquo
1181 2861 1223 2925 ad
1244 2861 1360 2927 Varro·

172 2981 261 3042 nem,
283 2960 397 3026 deinde
420 2960 507 3046 apud
525 2960 707 3026 Petronium
729 2971 760 3026 et
783 2962 991 3028 Lactantium.

252 3060 356 3125 Grec
363 3063 568 3145 feminino
581 3080 698 3144 genere
711 3068 882 3144 posuerunt
893 3063 1031 3127 Lucilius
1046 3068 1077 3126 et
1088 3061 1262 3140 Lucretius,
1275 3059 1360 3125 idem

173 3160 327 3244 praebent
347 3161 570 3245 inscriptiones
592 3161 679 3247 apud
695 3162 819 3226 Gruter.
840 3171 871 3226 et
886 3161 1039 3226 Oreliium
1063 3167 1094 3225 et
1115 3162 1146 3224 in
1170 3161 1249 3226 actis
1271 3160 1360 3227 fratr.

75 3262 81 3269 “
172 3262 274 3325 arnul.
297 3261 409 3326 Marini
436 3283 467 3345 p.
488 3263 551 3329 257
574 3262 627 3344 (oi.
650 3260 739 3326 Neue
761 3261 856 3344 667),
887 3261 1001 3326 deinde
1030 3260 1158 3344 saepius
1181 3262 1285 3326 versio
1307 3280 1359 3325 ro·

173 3361 349 3426 tustissima
376 3361 578 3446 pentateuchi
608 3362 717 3427 codice
741 3361 945 3445 Lugdunensi
968 3368 1107 3441 servata
1139 3362 1259 3426 coactis
1287 3361 1360 3425 fem.

174 3461 263 3541 Cato,
286 3461 396 3540 Varro,
420 3460 549 3537 isidor,
572 3462 712 3527 nonnulli
736 3463 832 3527 medii
857 3462 927 3526 aevi
950 3463 1130 3547 scriptores,
1151 3464 1237 3528 velut
1257 3460 1361 3526 Guido

173 3558 213 3624 de
240 3559 354 3644 Vigev.
382 3561 421 3626 de
456 3561 550 3626 modo
584 3560 806 3645 expugnandi,
841 3562 961 3626 Charta
988 3561 1182 3627 Ferdinandi
1209 3563 1243 3626 II
1275 3562 1361 3645 regis

173 3660 304 3743 Legion.
328 3680 358 3725 a.
376 3661 458 3729 1183
480 3662 511 3726 in
534 3661 609 3746 llsp.
626 3663 719 3746 Sagr.
733 3664 783 3740 18,
796 3662 875 3741 3633
898 3664 981 3746 lupis
1004 3663 1077 3727 lem.
1095 3662 1226 3742 Ennius,
1249 3662 1360 3744 Varro,

175 3761 281 3827 Grom.
304 3763 360 3826 lat.
384 3781 414 3846 p.
431 3762 492 3828 311
516 3762 581 3843 Bl,
604 3764 658 3828 lex
679 3762 797 3827 Salioa.

257 3861 307 3924 Ab
324 3861 459 3943 eoquod
477 3869 526 3928 est
541 3865 733 3944 merolus,
756 3860 841 3944 quod
857 3881 898 3925 no
911 3881 970 3945 pro
987 3862 1109 3926 merula
1124 3860 1248 3927 dicatur
1260 3862 1361 3927 Varro

174 3961 203 4027 d.
227 3962 238 4026 l
270 3963 290 4026 1.
314 3961 351 4040 9,
373 3963 414 4028 55
436 3970 558 4046 monet,
588 3965 688 4029 merlo
714 3964 746 4027 in
775 3962 886 4044 lingua
913 3962 1035 4042 italica,
1064 3963 1162 4027 merle
1191 3962 1222 4025 in
1251 3962 1362 4046 lingua

173 4062 361 4145 provinciali
395 4067 426 4126 et
455 4062 684 4146 francogallioa
715 4061 821 4127 fictum
855 4067 911 4127 est.
962 4062 1121 4126 Arborum
1148 4062 1277 4125 nomina
1308 4081 1361 4140 cy-

248 4304 280 4371 1)
301 4300 394 4357 Semel
413 4298 554 4354 monuisse
573 4295 696 4355 sufficiat
715 4306 744 4355 et
762 4316 813 4356 eos
832 4300 926 4368 locos,
947 4316 1019 4368 quos
1038 4299 1066 4353 iu
1086 4297 1178 4353 indico
1198 4298 1313 4368 collegi,
1333 4304 1362 4353 et

174 4405 241 4456 eos,
262 4392 308 4460 qui
328 4388 404 4460 apud
423 4389 540 4443 Nouium
558 4389 604 4443 vel
624 4389 775 4459 Georgium
793 4386 877 4444 facile
895 4389 995 4459 inspici
1015 4394 1145 4465 possunt,
1174 4387 1361 4465 plerosquea

174 4495 219 4547 pre
239 4479 274 4547 de
294 4481 422 4543 consulto
442 4494 498 4545 non
516 4483 647 4545 accurate
666 4493 729 4540 esse
748 4477 888 4540 laudatos.
