3388 5146
795 290 1000 357 ..22-

392 471 527 536 Rariora
548 476 620 535 sunt
642 490 697 548 ea,
719 492 801 554 qnae
823 478 896 539 ante
918 473 1078 558 dactylum
1101 473 1230 539 brevem
1252 470 1371 537 habent
1390 472 1487 555 sylla·

311 572 400 654 bam,
421 572 507 637 velut
527 571 708 637 Pololio.
752 572 846 657 Verg.
869 595 978 658 georg.
1003 576 1031 655 1,
1052 573 1130 641 49οε
1163 574 1320 655 ,Romana
1342 574 1487 640 Palatia‘.

309 672 391 737 adde
413 672 530 739 Lucan.
553 671 682 755 3,103;
714 672 756 752 ,in
779 674 834 756 jos
855 680 940 740 tuum
963 675 1085 759 palatia
1107 673 1140 755 (i.
1164 693 1191 740 e.
1214 672 1393 757 imperium)
1415 673 1487 759 ipsa

308 792 343 839 se
366 773 571 839 contulerant‘
593 773 715 840 Ennod.
737 774 809 857 265,
834 778 882 844 17.

390 873 489 938 Venio
507 877 574 958 jam
596 873 637 938 ad
660 893 817 958 eaquae,
851 895 1041 960 quamquam
1069 874 1240 958 singularis
1262 875 1294 939 in
1316 893 1409 940 versu
1433 875 1486 941 he·

308 975 395 1041 roico
418 973 534 1058 optime
557 976 659 1040 locum
681 975 799 1042 habere
817 984 930 1062 potest,
952 985 1057 1042 tamen
1072 996 1170 1061 saepe
1186 995 1315 1041 numero
1329 976 1486 1062 plurativo

310 1076 525 1157 enuntiantur,
553 1082 588 1141 ut
620 1077 760 1143 brevium
790 1085 945 1161 augeatur
967 1078 1162 1161 syllabarum
1184 1096 1342 1143 numerus.
1386 1078 1487 1161 Atque

309 1177 429 1242 initium
452 1176 568 1242 faciam
590 1177 631 1243 ab
653 1177 692 1243 iis
714 1179 825 1244 tertiae
859 1178 1080 1245 declinationis
1111 1179 1306 1259 nominibus,
1342 1197 1422 1261 quae
1443 1177 1488 1242 in·

309 1284 432 1362 tagram
455 1277 657 1360 dactylum
680 1280 782 1364 poetis
803 1281 1015 1365 suppeditant.

392 1379 492 1460 ,Haec
512 1378 544 1443 in
566 1378 659 1444 viridi
681 1400 781 1465 nuper
802 1400 884 1463 quae
906 1380 1022 1446 cortice
1044 1380 1111 1464 fagi
1128 1379 1314 1445 Carmina
1335 1377 1488 1461 descripsi

309 1479 467 1566 experiar‘
488 1480 583 1562 Verg.
608 1482 706 1562 4415,
729 1483 768 1550 15
790 1482 901 1548 eodem
921 1501 1027 1562 sensu,
1048 1501 1110 1565 quc
1136 1484 1285 1564 ,carmen‘
1312 1480 1429 1563 legitur
1454 1478 1487 1541 in

309 1601 338 1645 v.
360 1583 410 1647 45.
438 1580 610 1662 ,Carmina‘
641 1601 756 1667 saepe,
790 1583 876 1648 velut
906 1581 964 1647 eol.
985 1582 1015 1659 8,
1048 1582 1098 1664 68,
1133 1581 1172 1646 de
1205 1581 1340 1665 singulis
1372 1579 1487 1663 magici

309 1688 420 1746 cantus
441 1680 626 1764 enuntiatis,
648 1684 715 1765 vel,
737 1684 832 1766 idque
854 1683 983 1767 saepius
1006 1683 1040 1747 lit
1061 1682 1093 1748 in
1117 1683 1268 1763 Aeneide,
1290 1682 1331 1748 de
1351 1681 1488 1768 prophe-

309 1791 361 1848 tae
383 1800 537 1868 responso
559 1781 680 1847 dicitur.
716 1785 879 1863 ,carmina‘
900 1784 940 1850 de
962 1804 1025 1849 uno
1046 1792 1192 1868 poemate
1215 1784 1330 1867 legitur
1351 1781 1489 1863 140414-

309 1883 376 1949 tola
396 1882 547 1967 Dynamii
569 1883 712 1966 Bcuquet
732 1885 762 1966 2,
785 1884 845 1952 537
866 1885 904 1967 Ε,
926 1891 1020 1968 atque
1043 1886 1138 1951 eliam
1160 1884 1235 1950 alibi
1259 1884 1389 1969 saepius
1403 1880 1489 1966 apud

309 1983 404 2050 medii
427 1983 497 2048 aevi
520 1982 700 2067 scriptores.

389 2083 586 2169 ,Capricorni
608 2089 789 2170 corporo‘
810 2088 875 2154 014.
897 2091 1016 2154 Aratea
1029 2086 1084 2167 91,
1107 2106 1190 2166 ,mea
1206 2089 1349 2170 corpora‘
1372 2083 1441 2147 Tib.
1456 2084 1488 2162 4,

310 2189 357 2264 11,
380 2187 416 2268 2,
438 2205 584 2270 ,corpora
605 2187 681 2251 nati‘
703 2186 762 2253 Ov.
783 2196 856 2254 met.
871 2190 901 2269 8,
923 2190 994 2272 236,
1017 2188 1101 2253 idem
1123 2187 1206 2271 quod
1224 2207 1253 2253 v.
1268 2187 1330 2254 234
1351 2188 1489 2272 ,corpus‘

308 2288 432 2354 dicitur.
454 2288 536 2357 adde
555 2286 624 2351 Val.
647 2287 695 2352 Fl.
711 2288 741 2365 2,
763 2288 834 2356 484.
855 2328 896 2338 -
923 2289 1094 2372 ,Permessi
1117 2288 1158 2353 ad
1174 2289 1369 2371 flomiou‘
1391 2288 1488 2370 Verg.

308 2389 366 2454 ecl.
380 2390 409 2471 6,
427 2388 477 2457 64.
500 2388 657 2474 ,Alphaea
680 2381 819 2454 flumina⁴
841 2410 952 2473 georg.
973 2391 1002 2467 3,
1025 2390 1095 2472 180,
1117 2387 1267 2471 ,flumina‘
1290 2390 1345 2454 sol.
1368 2387 1489 2452 Lethea

308 2489 386 2555 Aen.
407 2488 436 2570 6,
457 2491 530 2566 711,
551 2490 689 2573 saepius.
724 2488 793 2556 Val.
816 2490 863 2555 lo.
886 2490 1044 2556 nonnullis
1066 2490 1155 2555 locis.

390 2590 532 2671 ,lmmitis
544 2594 641 2672 rupta
651 2590 777 2673 tyranni
792 2593 860 2671 (sel.
876 2592 974 2671 Pluti)
986 2590 1170 2656 Foedero‘
1183 2590 1223 2655 de
1238 2589 1366 2674 Orpheo
1381 2588 1487 2671 Verg.,

309 2691 362 2774 qui
380 2691 513 2770 ,foedus‘
536 2709 634 2775 saepe
652 2691 757 2774 utitur,
780 2710 889 2776 georg.
906 2694 936 2773 4,
952 2692 1023 2760 492.
1046 2691 1266 2769 41141448,
1284 2690 1486 2759 56540414.

311 2791 377 2856 Val.
400 2792 449 2856 nl.
472 2798 503 2856 et
523 2791 640 2856 Lucan.
664 2790 853 2874 frequenter.
894 2793 1028 2858 Rutilius
1051 2793 1177 2857 Namat.
1200 2791 1324 2870 1,126;
1347 2791 1489 2871 ,foedera

309 2893 460 2977 conjugii‘
481 2893 587 2959 Gesta¹
602 2891 701 2978 episc.
724 2892 897 2959 autissiod.
919 2894 1021 2976 Bcuq.
1043 2896 1072 2976 5,
1094 2893 1157 2960 434
1178 2894 1217 2973 Β,
1240 2892 1339 2978 ,pacis
1357 2889 1488 2956 foedera

309 2998 474 3077 44444441ι
497 2994 612 3059 (ihren.
636 2993 675 3058 de
697 2995 819 3060 Alfene.
841 2994 911 3071 Vll.
931 3016 962 3061 v,
984 2995 1046 3063 292
1068 2995 1143 3079 Esp.
1165 2994 1259 3076 Sagr.
1282 2992 1333 3074 21,
1354 2993 1425 3060 407.
1446 3028 1489 3040 -

310 3096 484 3180 ,friyoro
505 3095 613 3179 longa‘
638 3095 695 3162 Ov.
719 3116 780 3161 am.
802 3097 833 3174 2,
856 3096 907 3179 19,
928 3096 984 3176 22,
1006 3116 1087 3177 ,cum
1109 3094 1204 3160 modo
1226 3093 1396 3176 frigoribus
1417 3113 1488 3178 pre·

308 3195 411 3276 mitur,
434 3194 528 3261 modo
550 3197 682 3263 solvitur
704 3200 804 3262 aestu‘
828 3196 885 3264 Ov.
909 3203 967 3261 art.
989 3216 1051 3261 am.
1073 3198 1102 3274 2,
1124 3195 1200 3276 317,
1222 3194 1346 3277 ,frigus‘
1366 3200 1400 3259 el
1420 3192 1487 3274 ,fri-

308 3302 397 3380 gore‘
419 3297 516 3361 multo
539 3297 676 3382 saepius.
700 3297 842 3379 ,frigora‘
859 3297 1119 3377 741.1’1.1,448.
1143 3295 1253 3361 Sidon.
1277 3314 1327 3379 ep.
1351 3295 1379 3375 1,
1402 3295 1430 3362 5.
1446 3331 1487 3341 -

307 3405 471 3483 potiora
492 3395 648 3462 Luxorius
669 3397 832 3462 Baehrens
854 3397 888 3462 P.
912 3397 946 3463 L.
971 3396 1011 3462 M.
1032 3398 1062 3479 4,
1084 3397 1157 3464 407.

390 3497 557 3576 ,Limina
578 3498 689 3580 prima‘
712 3495 769 3563 Ov.
785 3496 850 3561 her.
866 3496 914 3577 12,
932 3497 1001 3564 150.
1025 3496 1108 3562 4114
1130 3516 1205 3562 rem.
1227 3495 1289 3564 786
1306 3502 1381 3573 etc,
1403 3495 1488 3560 idem

307 3597 425 3680 ,limen‘
447 3615 554 3681 saepe.
588 3597 719 3678 ,limina‘
742 3616 838 3663 sensu
857 3616 919 3661 non
940 3599 1122 3682 postulante
1149 3597 1219 3662 Val.
1240 3597 1288 3662 Fl.
1317 3605 1348 3663 et
1370 3597 1488 3663 Lucan.

308 3697 513 3783 compluries,
546 3697 667 3778 ,limina
697 3698 782 3764 beati
812 3696 907 3762 Petri‘
934 3699 1015 3764 Ann.
1040 3698 1205 3763 Alemann.
1229 3698 1352 3763 (lontio.
1375 3719 1404 3762 4.
1426 3697 1487 3765 911

309 3798 349 3863 Μ.
370 3798 408 3864 G.
431 3797 463 3865 S.
487 3800 515 3879 1,
538 3798 592 3878 55,
630 3797 682 3878 ,ad
713 3798 824 3863 limina
856 3797 957 3863 sancti
990 3798 1132 3863 Vedasli‘
1164 3800 1244 3862 Ann.
1273 3797 1352 3862 Ved.
1376 3818 1404 3863 a.
1426 3797 1487 3865 895

308 3919 339 3983 p.
361 3899 430 3966 529.
456 3899 567 3964 eadem
590 3897 726 3964 formula
747 3897 934 3984 saepissime
955 3899 1060 3964 medio
1083 3918 1162 3964 aevo
1184 3899 1309 3981 legitur.

391 3997 574 4077 Lumina,
606 4018 667 4081 quo
699 4001 883 4084 plerumque
913 3998 1072 4064 radiorum
1108 4000 1274 4064 mullitudo
1305 4004 1410 4083 potest
1440 3998 1486 4062 in·

308 4099 427 4182 tellegi,
451 4100 492 4163 ab
511 4099 612 4164 Ennio
627 4099 783 4182 usquead
802 4100 977 4164 Ausonium
995 4099 1182 4185 saepissime
1199 4101 1322 4183 legitur.
1355 4098 1487 4184 ,Vesper

309 4199 446 4284 Olympo
465 4203 652 4284 exspectata
673 4248 681 4265 .
705 4249 711 4263 .
736 4249 744 4264 .
767 4201 886 4266 lumina
906 4200 996 4266 tollit‘
1020 4199 1087 4265 041.
1112 4201 1161 4279 62,
1184 4201 1217 4280 2,
1240 4200 1371 4281 ,lumina
1392 4199 1485 4266 vitae‘

310 4300 403 4383 Verg.
426 4299 463 4363 Α.
486 4300 515 4380 6,
538 4301 613 4381 828,
647 4301 801 4377 ,accendit
823 4301 940 4366 lomina
961 4301 1094 4386 Vesper‘
1115 4321 1165 4384 ge.
1190 4305 1218 4382 1,
1240 4301 1316 4381 251,
1349 4300 1488 4383 ,Titania

308 4400 438 4472 lumina‘
459 4404 535 4470 Ans.
557 4402 614 4467 ecl.
636 4401 706 4470 372.
