3388 5146
815 367 1021 435 ,26-

329 540 394 629 est,
423 547 450 613 si
478 547 648 632 singularis
671 548 812 632 ponitur,
841 569 953 615 versus
977 549 1088 616 iisdem
1111 549 1275 616 vocabulis
1297 518 1431 616 servatis
1453 551 1509 616 ab·

327 649 407 715 solvi
429 668 492 714 uon
514 656 627 734 potest.
671 648 802 715 Accedit
830 650 914 732 quod
942 650 1018 715 mihi
1046 652 1172 734 quidem
1195 651 1244 716 his
1267 652 1362 733 locis,
1390 651 1510 716 abillo

328 751 446 832 citatis,
480 749 684 835 amplificatio
709 770 779 816 cum
807 752 965 816 sententia
993 771 1054 817 non
1084 751 1208 817 videtur
1229 752 1414 818 convenire:
1449 751 1509 818 Or.

328 858 400 916 met.
415 852 464 934 14,
477 851 554 919 396:
578 850 656 932 ,Nec
667 851 837 935 quidquam
856 852 1016 935 antiquum
1032 853 1118 934 Pico,
1140 853 1201 918 uisi
1217 856 1346 918 nomino
1362 859 1510 934 restant,

326 953 402 1018 Hor.
417 971 512 1017 earm.
530 954 560 1036 4,
576 952 606 1036 2,
621 953 656 1018 4:
680 952 789 1034 ,vitreo
813 951 944 1017 daturus
958 952 1095 1019 Nomina
1108 961 1224 1039 ponto‘.
1258 957 1304 1020 Ac
1325 973 1365 1020 nc
1385 954 1419 1018 id
1441 954 1508 1036 qui·

327 1051 398 1118 dem
419 1053 496 1117 mihi
516 1058 622 1138 potest
632 1053 827 1138 persuaderi,
849 1053 1033 1137 Vergilium,
1056 1075 1125 1120 cum
1147 1056 1224 1122 dicit
1245 1057 1510 1139 ,Aeolusscoptro

326 1158 448 1219 tenens‘
469 1154 612 1237 singulas
635 1155 749 1237 sceptri
772 1161 880 1238 partes
909 1156 940 1220 in
969 1165 1074 1221 mente
1104 1156 1270 1239 habuisse,
1303 1155 1387 1239 quod
1415 1176 1436 1220 a
1461 1155 1507 1220 di·

327 1256 401 1321 vino
429 1254 488 1320 illo
510 1261 624 1340 poetae
646 1254 759 1338 spiritu
780 1255 875 1339 longe
897 1257 1021 1322 videtur
1042 1258 1224 1324 abhorrere.

410 1390 547 1455 Maxime
569 1394 673 1454 autem
696 1390 780 1472 quod
802 1390 947 1473 equidem
971 1394 1117 1459 contendi
1141 1415 1179 1459 eo
1195 1393 1271 1459 mihi
1288 1391 1412 1457 videtur
1424 1411 1504 1456 com·

327 1491 473 1577 probari,
506 1490 590 1575 quod
618 1497 732 1576 poetae
761 1493 911 1557 nonnulla
938 1494 1095 1559 vocabula
1117 1515 1241 1579 semper
1262 1493 1388 1578 plurali,
1411 1491 1507 1575 quod·

322 1606 389 1676 'que
420 1611 477 1677 pro
512 1592 602 1658 metri
635 1591 788 1657 facilitate
822 1593 918 1657 alium
951 1593 1014 1658 alio
1043 1612 1173 1661 numero
1196 1615 1304 1662 casum
1326 1600 1507 1677 posuerunt,

317 1692 442 1759 'deinde
476 1693 560 1775 quod
591 1693 623 1757 in
658 1694 801 1758 versibus
833 1694 1018 1778 propinquis
1051 1696 1230 1779 frequenter
1259 1695 1311 1760 hio
1342 1693 1507 1778 singulari,

327 1794 393 1859 illic
416 1793 529 1877 plurali
553 1793 600 1858 usi
622 1800 695 1881 sunt
717 1814 779 1859 non
801 1794 895 1859 modo
918 1795 957 1860 de
987 1796 1098 1861 eadem
1127 1816 1177 1879 re,
1206 1797 1379 1863 sedetiam
1402 1797 1432 1860 in
1455 1814 1507 1859 eo·

328 1893 400 1959 dem
423 1895 587 1961 vocabulo.
630 1895 752 1973 Quibus
774 1894 852 1960 locis
881 1894 908 1959 si
937 1895 988 1962 hic
1015 1897 1226 1981 singularem,
1260 1897 1326 1962 illic
1354 1896 1506 1981 pluralem

328 2016 385 2061 suo
407 1997 534 2082 proprio
556 2016 627 2062 esse
658 2016 753 2063 sensu
780 2000 940 2080 putamus,
971 1998 1074 2064 minor
1109 2005 1156 2063 est
1188 1998 1256 2064 eius
1285 2018 1378 2081 quam
1412 2003 1509 2083 poeta

327 2098 419 2162 nobis
446 2104 519 2162 ante
547 2099 656 2163 oculos
684 2116 802 2182 ponere
830 2096 950 2162 studuit
976 2098 1125 2183 imaginis
1148 2099 1358 2183 perspicuitas
1381 2104 1412 2164 et
1435 2118 1509 2163 con·

327 2200 471 2266 cionitas.
504 2200 551 2263 Ac
573 2218 642 2264 cum
659 2199 728 2283 ipse
744 2197 887 2280 Ovidius,
909 2218 1048 2265 summus
1069 2199 1123 2265 illc
1145 2220 1214 2264 cum
1238 2199 1422 2282 hexametri,
1443 2206 1507 2263 tum

327 2320 437 2368 versus
454 2299 588 2383 elegiaci
602 2298 810 2384 componendi
827 2299 953 2380 artifex,
976 2320 1014 2365 eo
1031 2301 1146 2385 plurali
1168 2301 1355 2387 saepissime
1376 2301 1417 2366 sit
1433 2319 1509 2366 usus

327 2421 459 2485 cumque
480 2401 583 2466 nullus
606 2408 701 2486 poeta
722 2399 852 2465 Latinus
873 2400 968 2473 illam,
984 2400 1241 2467 consuetudinem
1263 2401 1424 2484 vitaverit,
1447 2401 1509 2466 nisi

327 2504 444 2570 talibus
467 2501 618 2566 adhibitis
640 2501 767 2567 auxiliis
788 2501 892 2583 majus
920 2521 1064 2581 carmen,
1097 2522 1178 2586 quae
1207 2511 1275 2568 crat
1302 2502 1431 2586 linguae
1460 2501 1508 2566 in·

328 2604 427 2686 doles,
450 2602 610 2687 compingi
632 2602 759 2668 omniuo
781 2622 844 2667 non
865 2603 1007 2688 potuisse
1030 2604 1100 2687 quis
1122 2604 1239 2670 infitias
1261 2603 1342 2669 ibit?

409 2738 503 2805 Haud
525 2739 653 2823 ignoro,
685 2737 772 2802 illum
795 2756 885 2802 usum
907 2758 982 2803 non
1004 2740 1045 2804 ad
1069 2741 1155 2807 sola
1178 2747 1319 2806 neutra
1339 2738 1508 2821 pertinere,

326 2843 384 2908 sed
406 2860 476 2906 cum
498 2840 531 2904 in
553 2839 665 2905 ceteris
686 2838 850 2903 vocabulis
878 2839 955 2904 nihil
986 2841 1093 2906 valeat
1118 2841 1160 2906 ad
1186 2860 1287 2924 genus
1315 2844 1508 2905 commutau-

327 2942 402 3009 dum
424 2960 586 3026 perpauca
608 2938 762 3022 attingam
786 2940 942 3024 exempla.
986 2940 1079 3007 Velut
1098 2943 1195 3026 Verg.
1211 2943 1289 3007 Aen.
1302 2941 1332 3023 7,
1349 2941 1411 3007 352
1430 2938 1509 3005 dicit

328 3054 534 3126 ,terrorum
556 3049 587 3108 et
608 3039 729 3106 fraudis
752 3040 877 3106 abunde
900 3047 969 3106 est‘.
1004 3062 1032 3107 v.
1057 3044 1118 3112 619
1138 3043 1317 3125 ,ombrios
1351 3040 1409 3106 Ov.
1433 3047 1508 3106 met.

328 3147 398 3228 1,5
427 3146 529 3228 (ante
550 3162 637 3208 mare
660 3148 691 3207 et
712 3148 842 3207 terroe
870 3152 901 3209 et
929 3144 1013 3227 quod
1039 3145 1108 3228 agit
1135 3144 1242 3210 omnia
1270 3143 1436 3228 caelum‘),
1466 3141 1507 3210 cf.

326 3268 356 3312 v.
382 3248 450 3315 132.
475 3247 544 3315 195.
565 3245 636 3312 307.
658 3242 729 3310 329.
751 3244 822 3325 674,
856 3245 970 3329 plurali
999 3252 1121 3329 ,terras‘
1151 3245 1261 3311 eodem
1283 3264 1379 3311 sensu
1400 3243 1508 3323 utitur,

327 3369 388 3432 quo
410 3348 442 3413 in
464 3368 493 3413 v.
515 3349 555 3414 34
578 3352 609 3410 et
631 3345 708 3424 180,
734 3344 787 3408 ubi
810 3352 940 3429 propter
960 3355 1092 3411 metrum
1115 3345 1182 3411 fieri
1206 3347 1320 3429 potuit,
1343 3345 1506 3429 singulari.

328 3448 385 3515 Or.
414 3456 487 3513 met.
512 3455 538 3525 1,
567 3447 626 3513 181
656 3444 783 3523 ,talibus
810 3444 884 3511 inde
913 3448 1055 3529 modis,
1089 3446 1129 3511 cf.
1159 3447 1258 3529 ,miris
1280 3447 1394 3513 modis‘
1421 3445 1507 3530 apud

327 3550 474 3615 comicos.
522 3544 717 3611 Vocabulum
741 3544 943 3627 tholam,
976 3548 1061 3631 quod
1090 3554 1218 3632 praeter
1244 3555 1366 3614 ceteros
1394 3553 1507 3633 poetas

327 3650 468 3715 Graecos
490 3646 658 3730 Euripides
681 3643 766 3708 haud
787 3646 832 3710 ita
853 3647 959 3712 multis
982 3648 1062 3713 locis
1085 3648 1242 3732 plurativo
1263 3668 1394 3714 numeru
1410 3668 1505 3715 enun-

325 3750 425 3828 tiavit,
449 3748 536 3812 velut
556 3746 633 3811 Hec.
658 3745 728 3812 918.
759 3745 862 3831 lphig.
884 3747 978 3812 Taur.
1001 3749 1072 3816 2119.
1095 3749 1166 3827 294,
1188 3756 1303 3834 poetae
1318 3749 1422 3815 Latini
1436 3769 1504 3814 sae-

326 3851 457 3934 pissime
484 3846 648 3932 pluraliter
675 3856 856 3930 posuerunt.
901 3847 994 3914 Velut
1020 3848 1188 3930 ,tholdrnos
1215 3857 1380 3917 novereae‘
1410 3850 1504 3933 Verg.

327 3954 364 4016 A.
387 3951 437 4029 10,
465 3948 535 4019 389.
566 3948 637 4016 649.
671 3947 841 4027 ,thalamis‘
862 3949 892 4029 7,
915 3948 965 4030 97,
998 3951 1051 4015 ubi
1081 3950 1362 4018 recantamus
1394 3950 1506 4017 eodem

326 4070 420 4118 sensu
442 4048 617 4132 ,conubiis‘.
660 4048 838 4129 ,thalamos‘
859 4048 930 4114 Val.
953 4050 999 4115 Fl.
1023 4054 1051 4134 1,
1081 4053 1151 4118 131.
1179 4052 1249 4119 226.
1280 4056 1309 4130 6,
1338 4054 1388 4119 45.
1426 4051 1504 4129 ,tha-

326 4151 431 4218 lamis‘
467 4153 496 4232 1,
527 4151 599 4218 709.
635 4149 671 4231 2,
709 4151 777 4231 147,
817 4149 955 4232 saepius.
999 4152 1041 4234 ,in
1080 4152 1239 4218 thalamos
1279 4156 1360 4218 tuos‘
1399 4153 1504 4218 Germ.

326 4257 413 4320 Atat.
435 4251 506 4319 323.

323 4414 326 4419 ·
409 4387 458 4452 Ex
489 4384 647 4453 contrario
676 4385 875 4467 singulari
902 4387 1000 4452 multo
1028 4387 1130 4454 rarius
1155 4395 1269 4472 poetae
1291 4388 1384 4454 metri
1407 4407 1507 4454 causa

326 4510 394 4577 pro
417 4486 566 4575 plurali
596 4487 643 4552 usi
671 4492 758 4567 sunt,
789 4486 873 4551 velut
896 4486 1029 4554 Ovidius
1051 4491 1179 4573 saepius
1201 4491 1344 4554 littora
1366 4510 1423 4574 pro
1446 4491 1505 4573 ,lit-
