3388 5146
922 1261 948 1326 Ι.

422 1410 560 1495 Imperio
579 1410 722 1476 Romano
740 1430 760 1474 a
775 1409 942 1475 Germanis
959 1409 1074 1491 deleto,
1095 1427 1164 1474 cum
1184 1427 1224 1472 ex
1238 1405 1369 1492 linguae
1382 1407 1526 1493 Latinae,

341 1529 398 1594 per
419 1509 540 1591 aliquot
561 1512 691 1576 saecula
704 1510 791 1594 vulgi
808 1510 967 1595 imperitia
987 1530 1026 1575 ac
1047 1508 1245 1592 negligentia
1265 1508 1297 1572 in
1309 1508 1526 1574 confusionem

341 1611 452 1689 datae,
475 1610 572 1675 ruinis
589 1611 783 1677 Romanicae
804 1630 885 1694 quas
906 1629 1058 1676 vocamus
1079 1608 1315 1676 efflorescerent
1334 1608 1474 1691 linguae,
1497 1617 1528 1674 et

341 1710 513 1775 formarum
540 1711 784 1776 commutatione
813 1718 845 1776 et
871 1732 924 1793 eo,
953 1711 1038 1794 quod
1058 1709 1226 1775 intercedit
1246 1709 1327 1773 inter
1349 1715 1473 1774 veteres
1496 1714 1527 1772 et

340 1811 532 1876 recentiores
552 1811 698 1895 populos,
719 1811 838 1893 ingenii
861 1811 1044 1878 discrimine
1065 1810 1184 1875 factum
1207 1815 1270 1889 est,
1293 1814 1327 1872 ut
1348 1809 1526 1893 complures

341 1911 561 1977 distinctiones
583 1912 812 1993 grammaticae
834 1917 1069 1977 evanescerent.
1101 1912 1149 1975 Ac
1169 1909 1299 2014 nomina
1320 1909 1446 1991 quidem
1470 1910 1527 1974 du·

325 2012 455 2096 ·plicem
469 2010 666 2095 potissimum
689 2011 833 2077 fortunae
854 2011 1104 2078 vicissitudinem
1126 2018 1258 2096 experta
1279 2028 1352 2076 esse
1372 2009 1526 2090 videmus,

341 2111 475 2177 alteram
497 2121 626 2176 casuum
649 2111 759 2175 formis
780 2110 1008 2193 intermortuis,
1031 2112 1327 2194 exstincto-genere
1347 2118 1458 2175 neutro
1480 2111 1526 2175 al-

340 2219 451 2277 teram.
489 2211 618 2276 Illorum
635 2213 667 2274 in
681 2211 793 2286 locum,
811 2212 941 2278 licentia
954 2211 1108 2277 sermonis
1118 2212 1263 2294 uulgaris
1281 2211 1415 2294 adscita,
1434 2230 1526 2295 prae·

340 2311 516 2396 positiones
538 2332 608 2376 cum
630 2310 836 2377 substantivis
860 2313 1049 2396 conjunctae
1065 2319 1296 2392 successerunt,
1318 2312 1380 2378 hoc
1401 2318 1528 2396 practer

341 2432 446 2496 pauca
466 2411 624 2492 quaedam
646 2411 784 2494 vestigia
812 2412 859 2476 ita
879 2412 1017 2477 deletum
1039 2418 1104 2494 est,
1135 2418 1167 2477 ut
1197 2413 1295 2479 multo
1322 2411 1426 2496 maj0r
1449 2430 1527 2496 pars

340 2520 521 2577 neutrorum
543 2511 575 2575 in
599 2511 784 2591 masculina,
807 2511 910 2577 minor
930 2512 964 2605 in
986 2512 1139 2577 feminina
1159 2518 1402 2579 converteretur.

423 2611 526 2676 Huius
540 2612 794 2677 commutationis
807 2632 889 2694 quae
904 2613 1020 2677 fuerint
1033 2614 1064 2677 in
1080 2612 1154 2698 ipsa
1166 2612 1276 2698 lingua
1289 2613 1413 2692 Latina,
1435 2631 1526 2696 prae-

342 2712 433 2795 cipue
454 2712 487 2774 in
509 2731 654 2777 sermone
676 2712 801 2794 vulgari
824 2714 908 2778 etin
930 2713 1025 2778 medii
1049 2713 1120 2779 aevi
1142 2714 1329 2793 Latinitate,
1357 2732 1474 2779 causae
1497 2719 1529 2776 et

340 2812 441 2894 initia,
461 2813 559 2896 paulo
575 2812 764 2895 accuratius,
786 2832 881 2895 quum
896 2812 1001 2878 adbuc
1015 2814 1131 2879 sactum
1147 2820 1205 2896 est,
1228 2834 1386 2900 exponere
1409 2814 1440 2877 in
1461 2811 1527 2876 ani-

341 2932 426 2978 mum
446 2912 567 2992 induxi,
589 2919 621 2977 et
640 2912 687 2977 ita
699 2913 836 2994 quidem,
860 2920 894 2978 ut
910 2919 1096 3003 neutrorum
1113 2913 1144 2978 in
1164 2912 1319 2979 feminina
1337 2920 1527 2980 mutatorum

341 3013 548 3098 praecipuam
576 3013 729 3078 rationem
756 3013 902 3079 babeam.
947 3013 1037 3091 Quae
1065 3015 1214 3096 quoniam
1244 3035 1313 3080 cum
1341 3021 1408 3081 tota
1431 3012 1527 3079 decli-

341 3116 503 3181 nationum
534 3120 566 3180 et
597 3134 749 3198 generum
778 3114 810 3179 in
844 3115 956 3198 lingua
984 3114 1099 3178 Latina
1129 3115 1362 3199 permutatione
1391 3113 1528 3178 maxime

342 3216 523 3296 cohaerent,
546 3214 629 3279 hanc
650 3215 727 3279 mibi
748 3215 859 3299 paucis
881 3214 1103 3279 illustrandam
1126 3235 1197 3281 esse
1221 3214 1410 3281 existimavi.

423 3316 580 3398 Linguam
602 3314 698 3397 igitur
711 3313 869 3395 Latinam,
889 3333 984 3397 quam
998 3318 1093 3381 certis
1107 3317 1385 3400 grammaticorum
1408 3312 1527 3397 regulis

341 3416 525 3481 adstrictam
552 3415 641 3499 pueri
671 3413 703 3478 in
730 3413 814 3478 ludis
842 3414 981 3496 discunt,
1012 3415 1101 3482 initio
1127 3415 1300 3483 formarum
1328 3413 1527 3481 multitudine

342 3515 538 3596 abundasse,
567 3513 682 3579 deinde
707 3533 746 3578 ea
773 3520 877 3579 aetate
905 3535 968 3598 qua
995 3517 1163 3582 clarissimi
1191 3517 1339 3583 florerent
1359 3521 1474 3601 poetae
1497 3519 1529 3578 et

342 3622 496 3697 oratores,
517 3616 662 3697 quamvis
675 3615 708 3679 in
727 3614 892 3698 angustius
910 3614 1083 3697 redactam,
1103 3637 1166 3682 non
1186 3624 1285 3683 totam
1301 3618 1394 3683 certis
1412 3614 1527 3680 linibus

343 3728 381 3781 ac
399 3715 517 3780 normis
536 3714 604 3797 regi
618 3714 768 3798 potuisse,
790 3720 951 3800 postremo
972 3724 1088 3798 autem,
1110 3721 1255 3800 sermone
1268 3718 1392 3801 vulgari
1412 3735 1528 3799 usque·

342 3835 466 3902 quaque
487 3815 696 3900 irrumpente,
726 3817 830 3900 magis
859 3818 1024 3900 magisque
1053 3816 1261 3901 depravatum
1283 3824 1315 3883 et
1342 3818 1385 3883 ab
1410 3835 1527 3882 aureae

343 3935 436 3999 quarn
459 3934 610 3981 vocamus
637 3917 751 3981 aetatis
779 3918 940 4000 elegantia
962 3925 994 3983 et
1022 3918 1233 3984 concinnitate
1259 3920 1355 4001 longe
1385 3936 1457 3984 esse
1478 3936 1527 3982 re-

341 4023 475 4098 motam,
496 4017 635 4082 virorum
657 4017 820 4083 doctorum
842 4026 952 4085 nosua
969 4019 1141 4104 praecipue
1162 4025 1268 4085 aetate
1288 4018 1528 4103 quaestionibus

342 4116 420 4181 satis
443 4116 637 4181 intellectum
659 4125 716 4184 est.

424 4217 459 4281 Si
480 4216 523 4281 ad
545 4236 646 4300 genus
668 4218 935 4286 substantivorum
958 4218 1097 4283 animum
1116 4218 1317 4301 attendimus,
1339 4238 1402 4283 non
1423 4237 1529 4301 pauca

341 4317 1528 4403 uominainpriscislitterisLatiniseodemgenerevidemus

342 4436 413 4485 esse
430 4418 584 4502 adhibita,
607 4417 725 4502 quod,
742 4439 812 4485 cum
828 4440 887 4504 per
903 4421 1024 4504 aliquot
1037 4419 1169 4486 saecula
1184 4426 1240 4484 aut
1257 4419 1417 4486 oblivione
1433 4420 1528 4485 obru-
