3388 5146
828 373 1036 439 -4g..

338 552 480 618 nonnihil
509 550 551 616 ad
577 550 610 616 id
632 550 781 631 eontulit,
812 560 846 620 ut
874 560 1047 638 argenteae
1069 557 1101 617 et
1122 548 1309 637 posterioris
1331 547 1445 614 aetatis
1468 568 1523 614 ex-

338 652 445 736 empla
466 652 709 735 ooanngerem3
732 670 830 735 saepe
853 655 935 721 enim
959 653 1096 719 dubitari
1119 657 1234 737 potest,
1257 650 1318 715 utri
1330 649 1428 715 aetati
1451 668 1523 714 oum

338 751 436 833 tituli,
470 756 534 816 tum
557 751 619 816 loei
640 751 743 816 Italae
765 755 957 820 attribuendi
980 755 1052 822 sint.
1097 750 1286 835 Origines
1303 748 1458 814 Isidori
1487 753 1523 813 et

339 851 525 932 Glossas,
555 870 749 934 quamquam
776 855 928 921 nonnulla
956 856 987 921 in
1010 876 1065 922 eas
1088 874 1128 921 ex
1148 853 1257 937 prisea
1277 850 1388 934 lingua
1408 849 1524 912 Latina

338 950 468 1016 fluxisse
490 956 629 1033 constat,
662 958 768 1017 tamen
800 960 981 1039 postremae
1008 956 1092 1041 parti
1116 951 1254 1034 attribui,
1276 950 1351 1033 quia
1372 951 1470 1014 multa
1489 947 1523 1012 in

337 1051 377 1115 iis
405 1056 491 1129 sunt,
521 1069 603 1133 quae
636 1071 677 1116 ex
709 1053 834 1136 vulgari
868 1074 1013 1121 sermone
1045 1057 1113 1122 eius
1145 1073 1206 1137 quo
1236 1049 1431 1135 compositae
1452 1053 1524 1113 sunt

338 1151 454 1216 aetatis
476 1150 592 1214 hausta
614 1170 685 1217 esse
708 1160 852 1238 apparet,
876 1156 962 1221 velut
979 1150 1235 1242 apud'lsidorum
1253 1149 1363 1233 ,folia‘,
1384 1149 1418 1213 in
1431 1148 1522 1214 Glos-

339 1256 383 1317 sis
402 1251 585 1317 (lasselanis
606 1251 725 1316 saeouli
747 1254 874 1339 septimi
896 1261 1010 1341 ,prata‘
1032 1262 1064 1321 et
1084 1254 1249 1337 ,membra‘
1272 1250 1426 1317 feminina
1446 1248 1523 1315 effe-

338 1356 457 1416 runtur.

422 1449 471 1516 De
494 1450 540 1515 eis
563 1449 690 1532 formis,
718 1471 799 1536 quas
827 1455 892 1520 alia
913 1462 1018 1522 aetate
1041 1456 1105 1522 alio
1127 1472 1246 1539 genero
1268 1449 1430 1516 adhibitas
1452 1467 1524 1513 esse

341 1551 425 1631 dixi,
457 1548 543 1615 baud
571 1550 684 1632 ignoro
717 1570 816 1639 saepe
849 1575 912 1620 non
944 1574 1075 1641 prorsus
1103 1557 1302 1642 exploratum
1329 1568 1419 1628 esse,
1452 1553 1526 1612 utra

341 1650 493 1717 vetustior
522 1651 579 1731 sit,
613 1669 685 1715 oum
712 1671 831 1737 magna
858 1675 934 1739 pars
962 1656 1112 1722 librorum
1133 1655 1318 1719 Latinorum
1340 1668 1404 1715 non
1425 1666 1525 1728 nsque

342 1750 383 1816 ad
405 1758 515 1816 nostra
535 1755 680 1835 tempora
702 1762 883 1837 propagata
904 1757 958 1838 sit,
980 1763 1204 1841 praeterquam
1226 1751 1312 1838 quod
1333 1751 1443 1834 lingua
1463 1747 1524 1811 La·

342 1851 411 1915 tina
433 1856 464 1915 et
485 1850 583 1914 multo
607 1858 680 1916 ante
701 1850 820 1935 floruit,
843 1874 937 1939 quam
961 1858 1002 1921 ad
1024 1858 1123 1923 libros
1144 1851 1358 1921 oonfiuiendos
1380 1848 1526 1915 adbibita

343 1955 406 2032 est,
439 1954 471 2015 et
500 1968 563 2014 non
592 1955 658 2016 tota
679 1952 712 2016 in
735 1953 857 2038 scripta
877 1961 925 2021 est
946 1959 1086 2023 redacta.
1131 1958 1179 2021 Ae
1200 1974 1239 2020 ne
1262 1972 1302 2019 ex
1324 1950 1364 2016 iis
1386 1948 1525 2034 quidem,

306 2070 425 2135 equae
446 2057 574 2114 servata
595 2056 678 2133 sunt,
699 2072 750 2119 me
774 2054 890 2137 omnia,
912 2075 995 2139 quae
1018 2059 1080 2124 bue
1100 2056 1268 2143 pertinent,
1293 2052 1444 2135 colligere
1465 2069 1524 2134 po·

341 2151 440 2216 tuisse
468 2149 580 2214 iterum
612 2149 755 2234 legentes
778 2156 1069 2223 commonefaciam.
1114 2155 1237 2237 Quare,
1270 2154 1297 2218 si
1325 2153 1391 2217 dixi
1418 2150 1528 2235 prisea

342 2251 393 2317 vel
428 2268 526 2314 aurea
551 2248 680 2333 linguae
704 2250 839 2320 Latinae
859 2262 966 2323 aetate
994 2263 1107 2323 neutra
1127 2257 1160 2321 in
1184 2254 1337 2321 feminina
1359 2271 1430 2319 esse
1451 2270 1527 2316 eon-

342 2369 437 2417 versa
468 2358 546 2432 ete,
578 2369 804 2437 nonnunquam
837 2354 915 2421 nibil
948 2357 1035 2423 alind
1058 2357 1265 2443 comprobare
1285 2353 1433 2421 volebam
1453 2350 1528 2432 nisi,

344 2449 450 2536 quoad
472 2448 565 2514 nobis
588 2455 665 2515 nota
686 2461 773 2534 sunt,
795 2455 898 2538 primo
920 2456 991 2534 illo,
1019 2457 1134 2524 deinde
1157 2457 1218 2523 hoo
1241 2475 1358 2539 genere
1380 2454 1527 2520 substan-

343 2552 411 2615 tiva
431 2549 489 2613 illa
509 2548 630 2633 scripta
650 2551 795 2618 inveniri.
837 2554 958 2622 Tamen
979 2559 1216 2645 perspicuitatis
1238 2575 1336 2623 eausa
1358 2575 1412 2638 ea,
1443 2571 1527 2636 quae

345 2649 480 2716 diversis
502 2651 698 2733 temporibus
721 2652 847 2719 diverso
870 2675 988 2738 genere
1010 2665 1210 2745 usurpantur,
1232 2655 1345 2736 abiis,
1368 2673 1450 2738 quae
1472 2671 1528 2716 ea-

345 2755 418 2821 dem
440 2754 507 2819 fere
528 2758 633 2818 aetate
656 2752 728 2817 aliis
750 2754 814 2819 alio
835 2775 953 2839 genere
974 2758 1054 2825 loeis
1076 2760 1228 2836 existunt,
1252 2753 1435 2841 separanda
1455 2771 1529 2818 esse

346 2854 541 2936 existimavi,
563 2859 595 2918 et
616 2853 697 2919 baeo
718 2854 845 2938 quidem
867 2856 931 2922 illis
954 2859 1130 2945 anteposui.

428 2955 464 3020 In
486 2955 526 3019 iis
549 2959 671 3033 autem,
693 2973 775 3038 quae
797 2953 895 3022 dubia
917 2965 1005 3040 sunt,
1029 2960 1133 3025 causis
1156 2978 1196 3024 ex
1218 2948 1451 3041 signifieatione
1471 2970 1528 3016 vo·

347 3057 531 3123 cabalorum
554 3054 704 3139 sumptis,
731 3062 803 3120 utra
824 3055 927 3122 forma
948 3059 1108 3142 antiquior
1129 3059 1170 3123 sit
1190 3075 1249 3142 pro
1272 3062 1358 3122 oerto
1381 3050 1526 3120 eonoludi

345 3177 441 3243 posse
463 3154 540 3220 mibi
562 3155 689 3239 quidem
710 3157 897 3241 persuaderi
919 3178 983 3224 non
1005 3165 1127 3244 potest,
1160 3178 1230 3224 uum
1259 3157 1375 3240 ubique
1398 3155 1528 3237 linguae

345 3259 474 3341 lieentia
495 3257 589 3323 certis
612 3255 744 3321 rationis
766 3258 885 3322 normis
907 3259 975 3342 regi
997 3278 1059 3324 non
1073 3260 1185 3344 possit.
1228 3258 1352 3323 Dixerit
1369 3252 1528 3340 quispiam

346 3377 402 3424 eas
420 3356 549 3442 formae,
572 3379 655 3444 quae
678 3361 763 3444 apud
782 3358 1014 3426 vetustissimos
1034 3359 1129 3425 modo
1151 3359 1324 3444 scriptores
1346 3374 1420 3421 raro
1439 3373 1528 3420 usur·

346 3465 443 3542 patae
469 3467 585 3543 postea
605 3461 702 3544 plane
724 3461 945 3540 aboleverunt,
973 3460 1151 3544 primitivas
1183 3479 1264 3525 esse.
1307 3456 1373 3523 Sed
1400 3474 1440 3520 ne
1468 3454 1530 3518 boo

347 3557 492 3641 quidem,
530 3561 676 3641 quamvis
698 3560 838 3643 aliquam
860 3560 977 3625 babeat
998 3560 1319 3641 verisimilitudinem,
1354 3576 1413 3643 pro
1442 3561 1529 3621 oerto

347 3656 482 3722 audeam
505 3658 707 3725 contendere.
750 3660 857 3737 Quare
878 3662 1064 3745 plerumque
1095 3660 1128 3724 in
1150 3680 1189 3727 eo
1210 3659 1466 3743 aequieseamus,
1495 3660 1531 3719 ut

347 3756 455 3840 prisea
470 3756 527 3821 illa
543 3764 648 3824 aetate
669 3759 788 3825 viribus
809 3761 919 3846 populi
942 3760 1123 3844 vigentibus
1144 3760 1287 3844 linguam
1308 3757 1444 3826 diversis
1466 3756 1529 3821 for·

347 3854 407 3921 mis
429 3855 610 3924 abundasse
632 3859 864 3943 intellegamus.

430 3956 587 4023 Graeea
608 3965 713 4024 autem
734 3961 909 4041 voeabula,
939 3979 1022 4043 quae
1044 3979 1064 4023 a
1085 3958 1207 4024 Latinis
1228 3957 1357 4030 diverso
1379 3956 1532 4021 attributa

349 4062 422 4123 sunt
448 4057 576 4140 generi,
609 4058 733 4124 etiamsi
762 4080 825 4126 non
854 4060 1065 4147 propriosne
1087 4079 1204 4143 genere
1227 4059 1260 4123 iu
1282 4059 1393 4142 lingua
1413 4056 1532 4121 Latina

348 4163 443 4223 antea
465 4159 627 4241 leguntur,
648 4177 712 4223 non
730 4160 904 4226 omittenda
925 4180 997 4226 esse
1017 4160 1137 4241 oensni,
1159 4179 1229 4225 eum
1251 4159 1283 4223 in
1305 4157 1355 4223 bis
1377 4154 1533 4241 imprimis

344 4257 414 4340 jam
433 4257 548 4342 prisois
558 4257 753 4342 temporibus
775 4262 902 4344 generis
925 4261 1142 4326 confusionem
1157 4260 1309 4345 irrupisse
1323 4275 1534 4342 eognosoere-

348 4363 407 4426 tur.
429 4358 603 4440 Eaautem,
626 4378 735 4444 quae,
758 4379 828 4426 oum
847 4361 1052 4428 aGraeeis
1071 4360 1228 4446 duplioi
1250 4359 1535 4443 proferrentur

347 4477 509 4545 genere,
533 4457 693 4524 abatinis
715 4460 805 4527 vario
827 4481 944 4545 genere
967 4462 999 4526 in
1021 4481 1111 4527 suam
1133 4460 1276 4544 linguam
1297 4458 1428 4525 inducta
1448 4462 1537 4540 sunt,
