3388 5146
836 347 1021 413 ..6-

336 545 482 610 pressus,
504 525 628 608 laurus,
650 526 814 610 platanus,
842 528 979 610 populus
1002 525 1225 595 vetustissimis
1247 525 1424 617 masculino
1445 543 1521 608 quu-

338 645 398 708 que
419 627 546 710 prolata
566 645 639 692 esse
660 645 778 710 genere
791 626 974 692 Priscianus
996 629 1025 710 5,
1046 629 1077 704 8,
1099 627 1141 695 42
1163 626 1216 711 (Η.
1235 625 1261 709 Ι,
1280 625 1355 705 169)
1377 629 1541 703 testatur,
1623 712 1626 715 Ι

337 735 450 806 ,rectos
473 728 653 810 cupressus‘
673 727 753 794 Eun.
776 745 828 810 ap.
850 727 931 792 Geli.
949 727 1064 809 13,20,
1083 728 1133 809 13,
1155 727 1206 809 ,de
1229 745 1268 792 ec
1290 725 1363 791 licc‘
1383 725 1464 792 Cato
1482 725 1522 791 de

337 847 361 892 r.
383 847 406 890 r.
420 826 462 894 42
484 826 632 910 praebet,
655 833 686 892 et
706 827 759 892 hic
779 827 907 909 quidem
930 828 1002 894 fem.
1024 827 1101 892 ticos
1123 847 1150 892 c.
1171 828 1199 892 8.
1243 826 1360 892 Notum
1391 833 1440 890 cst
1460 826 1521 891 Ro-

336 926 469 991 manicis
492 927 623 992 arbores
644 926 821 991 masculina
843 947 924 993 esse.

419 1026 509 1091 Alias
530 1026 656 1111 priscae
676 1026 858 1092 Latinitatis
885 1027 1021 1109 formas,
1052 1046 1135 1110 quae
1156 1032 1196 1092 ,ut
1225 1026 1337 1093 eadem
1370 1025 1542 1109 generum

337 1127 581 1193 commutatione
608 1134 712 1209 ortae,
740 1127 786 1191 ita
812 1146 874 1191 non
901 1127 993 1212 ipsae
1022 1128 1134 1193 eodem
1164 1147 1282 1212 genere
1313 1126 1354 1191 ad
1384 1126 1521 1192 medium

337 1247 449 1292 aevum
471 1234 669 1311 propagatae
692 1234 774 1306 sunt,
797 1245 837 1292 ex
859 1227 964 1293 indice
984 1228 1069 1292 infra
1090 1228 1200 1293 addito
1222 1246 1410 1311 cognoscas.
1443 1227 1522 1293 Inde

335 1334 503 1413 praeterea
524 1328 725 1410 intellegetur
746 1326 798 1392 vel
825 1347 923 1393 aurea
949 1327 1077 1410 liuguae
1106 1335 1212 1394 aetate
1233 1347 1296 1392 non
1321 1328 1428 1392 omnia
1449 1328 1522 1392 sub·

336 1430 475 1494 stantiva
496 1448 559 1493 uno
582 1436 764 1494 constanter
784 1428 931 1493 adhibita
951 1448 1022 1494 esse
1045 1449 1177 1511 genere,
1201 1428 1296 1493 immo
1318 1429 1421 1512 ipsum
1444 1428 1523 1493 Var-

336 1549 445 1594 ronem
478 1530 719 1612 grammaticum
753 1549 793 1594 ac
820 1527 1006 1594 Ciceronem
1035 1531 1099 1595 alio
1131 1531 1210 1595 alibi
1235 1548 1360 1615 genere
1388 1528 1522 1594 eandem

336 1648 446 1695 vocem
462 1629 643 1712 protulisse,
665 1629 781 1695 deinde
798 1632 903 1713 magis
920 1632 1086 1714 magisque
1102 1650 1307 1715 progressam
1319 1630 1449 1712 linguae
1462 1629 1522 1693 La·

335 1730 421 1795 tinae
444 1728 677 1813 corruptionem
699 1749 739 1794 ex
761 1732 889 1812 generis
911 1731 1096 1796 confusione
1118 1732 1235 1816 optime
1258 1730 1419 1813 cognosci.

421 1829 517 1894 Cuius
533 1828 770 1914 depravationis
792 1849 855 1895 nou
878 1831 996 1914 exigna
1018 1831 1195 1896 invenimus
1220 1830 1358 1914 vestigia
1378 1831 1411 1894 iu
1427 1829 1522 1894 libro-

336 1929 404 1994 rrim
416 1949 579 1995 sacrorum
591 1931 790 1997 versionibus
804 1937 836 1995 et
852 1931 884 1994 in
902 1931 1029 2015 scriptis
1041 1930 1360 2012 ecclesiasticis,
1372 1949 1443 1995 cum
1457 1929 1523 2014 epi·

336 2030 436 2115 scopi,
459 2030 603 2110 quamvis
624 2030 768 2115 plerique
790 2031 871 2096 bene
893 2031 1017 2114 eruditi,
1040 2039 1113 2097 ante
1135 2033 1242 2097 omnia
1264 2050 1394 2115 operam
1411 2030 1523 2095 darent

337 2136 386 2209 ut,
408 2129 546 2195 dilucide
569 2137 601 2195 et
623 2130 819 2213 simpliciter,
843 2150 925 2212 quac
950 2133 1066 2215 vulgus
1087 2132 1157 2196 siue
1180 2133 1246 2197 ulla
1269 2131 1455 2206 difficultate
1474 2131 1523 2195 in·

335 2230 511 2314 tellegeret,
533 2231 754 2313 exprimerent.
790 2230 884 2308 Quod
906 2232 968 2316 ipsi
990 2251 1216 2314 nonnunquam
1237 2233 1336 2298 libere
1357 2238 1430 2297 sunt
1451 2250 1523 2315 pru·

335 2331 425 2397 lessi.
462 2331 555 2395 Velut
575 2331 788 2413 Hieronymus
810 2331 852 2395 ad
874 2332 988 2400 Enoch.
1001 2335 1046 2398 40
1063 2332 1211 2398 adnotat:
1233 2332 1343 2423 ,semel
1362 2331 1523 2397 monuisse

335 2430 489 2512 sufficiat,
520 2450 614 2495 nosse
636 2450 702 2510 me,
733 2430 870 2496 cubitum
895 2439 926 2497 et
948 2431 1055 2497 cubita
1076 2440 1187 2499 neutro
1210 2433 1367 2517 appellari
1395 2452 1522 2516 genere,

335 2532 393 2598 sed
414 2551 473 2616 pro
497 2530 700 2616 simplicitate
723 2537 754 2595 et
776 2531 928 2599 facilitate
950 2532 1189 2616 intellegentiae
1211 2534 1362 2618 vulgique
1391 2551 1522 2599 consue·

334 2632 444 2698 tudine
464 2651 583 2716 ponere
605 2630 804 2696 masculino‘
1044 2688 1047 2693 ,
1500 2712 1507 2723 ἢ

372 2763 382 2778 ·
420 2731 523 2809 Quam
544 2731 727 2813 frequenter
741 2749 861 2813 genera
882 2732 964 2798 inter
985 2752 1020 2797 se
1041 2732 1142 2799 mixta
1157 2734 1229 2814 sint,
1253 2731 1428 2799 clarissime
1449 2732 1523 2798 inde

335 2838 480 2917 apparet,
497 2832 583 2914 quod
597 2831 687 2897 multi
704 2832 964 2914 grammatici
985 2833 1018 2898 in
1039 2834 1128 2900 libris
1143 2836 1183 2901 de
1200 2835 1320 2901 dubio
1342 2853 1523 2900 sermone

335 2933 461 3017 scriptis
473 2939 599 3017 praeter
620 2931 702 2996 alias
721 2931 895 2998 formarum
912 2932 1104 3001 variationes
1117 2936 1157 3001 de
1170 2956 1288 3019 genere
1307 2933 1403 2999 dubio
1422 2932 1523 2998 fusius

336 3039 482 3117 egerunt,
510 3052 548 3098 eo
571 3031 722 3111 consilio,
755 3038 789 3096 ut
810 3052 959 3117 repressa
981 3035 1137 3100 sermonis
1158 3036 1301 3119 vulgaris
1322 3034 1468 3115 licentia,
1490 3031 1523 3097 id

303 3124 308 3141 ⁸
335 3153 437 3218 genus
451 3153 510 3200 sua
523 3133 609 3217 apud
622 3131 782 3200 discentes
798 3134 986 3199 auctoritate
1005 3140 1175 3215 tuerentur,
1200 3136 1285 3218 quod
1306 3154 1405 3199 aurea
1418 3140 1523 3199 aetate

334 3233 483 3300 usitatum
505 3240 583 3299 erat.
618 3234 688 3311 Quo
706 3234 864 3317 pertinent
882 3234 917 3299 G.
929 3234 1022 3299 Plinii
1043 3235 1181 3300 Secundi
1202 3236 1242 3302 de
1265 3236 1361 3301 dubio
1378 3252 1523 3299 sermone

334 3334 407 3401 libri
429 3341 510 3416 octo,
532 3334 609 3399 Julii
622 3334 756 3400 Romani
778 3332 859 3399 liber
877 3334 916 3399 de
939 3335 1100 3417 analogia,
1122 3336 1227 3401 Flavii
1245 3336 1341 3419 Capri
1363 3334 1436 3400 libri
1458 3352 1522 3398 ser·

334 3436 437 3500 monis
459 3434 547 3500 dubii
570 3433 652 3515 (sive
674 3435 714 3499 de
737 3432 841 3498 dubiis
863 3434 1060 3517 generibus).

419 3535 468 3599 lix
489 3534 529 3598 iis
546 3553 637 3616 quae,
661 3533 776 3618 partim
794 3554 835 3598 cx
851 3533 941 3599 libris
963 3535 1027 3600 illis
1045 3536 1169 3615 hausta,
1189 3534 1313 3617 partim,
1337 3531 1521 3600 confusione

335 3634 440 3717 magis
463 3634 629 3716 magisque
651 3634 860 3717 irrumpente,
883 3641 996 3718 postea
1018 3636 1208 3717 conscripta,
1230 3635 1272 3700 ad
1294 3642 1434 3700 nostram
1453 3651 1523 3717 per·

336 3739 488 3798 venerunt
509 3740 645 3798 aetatem
668 3732 794 3817 scriptis
811 3736 1038 3817 grammaticis,
1061 3742 1135 3800 ante
1156 3736 1263 3800 omnia
1277 3735 1339 3799 huc
1356 3731 1524 3799 referenda

335 3840 416 3911 sunt,
438 3853 519 3917 qnae
532 3833 655 3899 Nonius
677 3832 756 3917 (lap.
773 3834 824 3899 ΠΙ
845 3834 904 3912 ,De
926 3835 1105 3900 indiscretis
1122 3836 1293 3918 generibus
1313 3854 1371 3918 per
1391 3834 1526 3899 litteras‘

336 3954 366 4017 p.
381 3931 546 4001 190-231
568 3933 609 3998 Μ.
633 3940 665 3999 et
684 3933 837 3999 Priscian.
860 3934 989 4000 Hermi
1009 3955 1039 4019 p.
1057 3935 1199 4003 169-71
1223 3935 1386 4018 colligunt,
1410 3931 1524 3997 deinde

335 4033 417 4098 liber
438 4033 478 4098 de
501 4033 605 4098 dubiis
636 4034 815 4100 nominibus
837 4053 890 4117 ap.
912 4034 996 4099 Keil.
1018 4036 1054 4116 5,
1077 4036 1250 4118 out—94,
1280 4033 1462 4100 dissertatio
1484 4031 1525 4098 de

336 4133 442 4199 verbis
464 4132 568 4198 dubiis
590 4153 641 4219 ap.
665 4135 747 4200 Keil.
770 4137 806 4217 7,
829 4133 989 4215 tur-12,
1011 4154 1093 4216 qnae
1116 4137 1174 4202 sub
1197 4136 1293 4219 Capri
1315 4134 1442 4199 nomine
1465 4131 1525 4197 fer-

337 4241 386 4298 tur
409 4239 440 4297 et
461 4233 632 4298 maximam
646 4242 769 4318 partem
791 4254 833 4299 ex
855 4234 923 4300 eius
945 4235 1026 4301 libro
1047 4236 1170 4302 videtur
1192 4256 1263 4302 esse
1286 4238 1447 4319 excerpta,
1471 4231 1524 4296 dc-

336 4334 431 4416 nique
452 4333 562 4399 Bedae
590 4334 671 4399 liber
699 4334 739 4399 de
768 4334 999 4419 orthographia
1021 4354 1073 4421 ap.
1095 4336 1177 4403 Keil.
1201 4337 1237 4418 7,
1259 4336 1321 4403 261
1343 4353 1390 4417 sq.
1433 4331 1525 4397 Adde

336 4433 491 4517 imprimis
513 4453 595 4517 qnae
616 4434 772 4520 praebent
782 4435 954 4502 Diomedes
975 4455 1028 4521 ap.
1049 4434 1132 4502 Keil.
1148 4440 1177 4518 1,
1198 4436 1269 4515 327,
1290 4439 1310 4503 1
1332 4455 1392 4519 sq,
1415 4438 1526 4500 auctor
