3388 5146
695 330 901 398 ..41-

290 511 454 579 Fructus
476 518 596 595 autem,
625 519 658 580 ut
684 533 802 598 parvos
832 519 864 579 et
883 509 1060 577 imbecillos
1083 511 1124 575 ab
1145 507 1212 576 illis'
1230 516 1332 577 tectos
1354 516 1386 575 et

207 614 307 696 fotos,
338 613 507 679 muliebres
532 621 720 698 usurparunt
752 619 851 697 alque·
877 633 915 680 eo
944 612 1087 694 facilius,
1120 612 1203 695 quod
1226 610 1316 694 quasi
1340 610 1384 677 fe·

207 715 311 782 minae
333 721 439 780 uterus
461 733 613 780 novarum
635 716 780 781 arborum
811 713 933 780 semina
962 712 1132 778 continent.
1177 712 1385 778 Concedimus

206 821 323 890 tamen,
345 814 486 881 nonnihil
510 834 548 880 eo
571 816 758 903 pertinuisse
779 816 822 896 id,
845 814 929 897 quod
943 815 1126 897 plerumque
1138 812 1301 899 pluraliter
1313 833 1384 896 pro·

206 917 264 983 lati
281 915 445 992 ‘hominum
467 914 595 983 auribus
616 917 703 981 utin
723 920 765 999 ,a‘
786 916 967 982 desinentes
988 914 1158 981 assuefacti
1180 919 1261 980 sunt.
1303 913 1386 979 Nam

208 1018 341 1103 primum
364 1017 592 1083 multitudinem
613 1017 769 1084 fructuum
792 1017 945 1083 vocabulo
973 1015 1124 1082 feminino
1149 1035 1223 1081 esse
1245 1034 1385 1098 compre·
1512 1044 1514 1057 ·

208 1118 356 1198 bensam,
390 1118 505 1184 deinde
538 1118 580 1183 ab
609 1119 669 1183 bac
697 1137 798 1202 genus
826 1116 1010 1184 femininum
1036 1117 1078 1182 ad
1101 1116 1243 1200 singulos
1266 1115 1384 1200 signifi-

208 1218 329 1286 candos
350 1238 422 1286 esse
442 1220 628 1285 translatum
652 1220 728 1284 mibi
751 1219 935 1304 persuaderi
956 1237 1020 1284 non
1034 1225 1150 1302 potest,
1173 1237 1243 1283 cum
1255 1217 1386 1282 nimium

207 1318 331 1386 intersit
352 1320 432 1386 inter
453 1340 603 1404 magnam
624 1321 687 1386 vim
709 1339 873 1405 pomorum
898 1328 929 1384 et
949 1339 1043 1385 unum
1059 1337 1185 1403 pomum
1205 1337 1338 1400 cumque
1353 1316 1385 1381 in

207 1421 274 1488 vita
288 1421 449 1487 cotidiana
471 1421 603 1488 alteram
626 1422 668 1487 ab
690 1423 789 1487 altero
811 1420 947 1486 discerni
973 1418 1159 1503 saepissime
1181 1438 1311 1485 necesse
1333 1418 1384 1483 sit

207 1521 404 1598 Adnotamus
435 1529 541 1588 tamen
574 1529 681 1599 ,totam
713 1522 816 1607 ipsam
841 1521 978 1607 fropcm
1008 1540 1078 1585 cum
1098 1520 1225 1586 oliveto‘
1247 1519 1286 1585 de
1307 1538 1386 1603 agro

207 1622 309 1688 rideri
338 1622 439 1706 fragis
466 1625 588 1690 consito
617 1624 766 1708 seriptum
795 1642 865 1688 esse
887 1622 919 1687 in
942 1622 1054 1688 charta
1075 1620 1229 1706 Alpbonsi
1251 1620 1385 1705 impera·

208 1722 285 1788 toris
300 1723 475 1808 Hispaniae
498 1744 591 1790 aerae
614 1724 696 1792 1162
718 1744 768 1809 ap.
792 1722 892 1808 Gang.
935 1723 1075 1789 Necesse
1097 1728 1165 1787 erat
1187 1721 1332 1805 denique,
1355 1728 1388 1787 ut

208 1823 327 1888 fructus
359 1824 400 1888 ab
434 1824 619 1905 arboribus,
652 1846 672 1891 a
700 1825 813 1909 quibus
843 1843 940 1908 saepe
968 1828 1135 1909 praeterea
1162 1842 1226 1888 non
1248 1820 1387 1888 distincti

209 1930 325 2006 essent,
348 1923 571 2008 aliquomodo
593 1926 855 1995 discernerentur.
988 1988 999 1999 „

290 2026 394 2108 Atque
415 2028 488 2111 ipsa
508 2045 571 2091 vox
593 2028 752 2110 generalis
765 2027 933 2111 fructus
954 2026 986 2090 in
1008 2022 1167 2090 nonnuliis
1188 2021 1305 2105 linguis
1326 2022 1388 2086 Ro·

208 2124 341 2191 manicis
370 2125 553 2192 femininum
581 2147 705 2212 quoque
738 2135 801 2208 est,
830 2128 864 2192 it.
885 2127 1008 2209 ,fruita
1037 2124 1155 2206 irutto‘,
1178 2123 1260 2208 hisp.
1282 2120 1386 2204 ,fruta

208 2226 313 2310 fruto‘,
333 2228 395 2292 val.
417 2227 534 2312 ,frupt‘,
557 2228 636 2312 plur.
658 2227 731 2294 fem.
753 2226 918 2311 ,frupturi‘.
950 2225 1043 2304 Quod
1064 2245 1102 2291 eo
1125 2223 1250 2290 facilius
1263 2222 1388 2306 accidit,

209 2327 284 2409 quia
305 2332 447 2393 neutrum
467 2328 625 2410 ,fructnm‘
657 2329 690 2393 in
708 2329 922 2417 ‚versionibus
956 2327 1031 2395 novi
1059 2324 1238 2393 testamenti
1267 2324 1388 2408 passim

211 2434 394 2514 usurpatur,
428 2429 514 2494 velut
535 2429 631 2495 Marc.
656 2430 692 2512 4,
715 2429 756 2499 29
777 2429 869 2513 sgl
897 2435 928 2495 et
949 2428 996 2511 11,
1025 2429 1133 2509 Cant,
1165 2425 1216 2492 Gl.
1240 2423 1309 2491 Lat.
1333 2424 1389 2491 Gr.

211 2548 242 2613 p.
255 2528 333 2610 351,
354 2528 545 2611 ,illafruota‘
566 2550 633 2597 acc.
655 2531 734 2616 plur.
759 2530 815 2598 (lb.
838 2550 904 2614 reg.
929 2529 1031 2596 (lhild.
1047 2528 1095 2594 ΙΙΙ
1115 2548 1146 2594 a.
1159 2527 1230 2610 697,
1252 2525 1389 2612 Capitol.

211 2630 251 2697 de
264 2629 356 2696 Villis
370 2630 420 2711 20,
443 2630 494 2713 ,de
507 2630 619 2696 fructa‘
632 2632 710 2717 Cap.
728 2630 852 2697 Sicardi
867 2629 1019 2716 principis
1033 2629 1248 2696 Beneventani
1269 2648 1298 2694 a.
1311 2627 1388 2708 see,

211 2729 387 2821 ,de'fructa
409 2736 464 2796 aut
483 2733 631 2817 pecunia‘
651 2731 798 2798 Pardess.
821 2731 883 2798 431
905 2732 1017 2798 charta
1040 2732 1139 2797 franc.
1162 2750 1192 2796 a.
1214 2730 1291 2810 6933
1324 2730 1390 2810 ,illa

210 2832 313 2898 fructa
331 2830 392 2896 hoo
413 2838 462 2897 est
482 2832 573 2898 vinus
588 2834 640 2898 vel
657 2852 786 2900 annona
798 2839 853 2896 aut
867 2832 967 2899 fenus.
988 2832 1046 2899 illa
1058 2832 1170 2898 fructa.
1191 2831 1263 2916 ipsa
1277 2832 1389 2899 fructa‘

211 2931 290 2997 Mar.
312 2930 374 3000 497
396 2950 424 2997 a.
446 2932 581 3001 7111-
613 2932 691 2998 Oum
718 2932 865 2998 arborum
894 2933 1047 3001 fructibus
1074 2952 1091 2998 e
1119 2939 1223 2998 terrae
1245 2932 1390 3015 frugibus

210 3053 292 3116 rapo
303 3031 556 3116 conjungendum
569 3039 627 3116 est,
649 3023 734 3117 quod
751 3052 810 3119 pro
832 3034 966 3117 ,rapum‘
987 3031 1065 3097 inde
1083 3051 1104 3098 a
1124 3032 1272 3099 Petronio
1292 3052 1390 3118 saepe

212 3132 351 3217 legitur.'

293 3229 540 3316 Progrediamur
559 3231 601 3298 ad
621 3238 764 3298 neutra
785 3225 1020 3313 collectiva,
1053 3249 1149 3313 quae,
1183 3249 1254 3296 cum
1274 3230 1391 3316 plurali

212 3334 397 3418 plerumque
420 3330 617 3416 efferrentur,
651 3332 765 3400 deinde
787 3334 846 3399 sub
868 3353 931 3399 nna
951 3329 1158 3398 multitudinis
1179 3330 1285 3416 specie
1308 3351 1404 3397 com··

212 3432 491 3518 prehenderentur,
514 3441 545 3499 et
565 3432 668 3500 forma
690 3441 722 3501 et
742 3435 973 3520 significatione
995 3433 1105 3518 generi
1127 3430 1278 3498 feminino
1295 3431 1391 3498 facile

127 3578 129 3585 ,
213 3540 285 3601 sunt
305 3534 553 3601 accommodata.
597 3536 688 3602 Haec
716 3555 840 3620 quoque
868 3537 1052 3621 plerumque
1073 3534 1148 3600 trita
1169 3538 1259 3599 erant
1278 3534 1311 3599 in
1333 3552 1392 3600 usu

212 3635 384 3702 cotidiano.
425 3634 582 3720 Imprimis
605 3636 666 3703 buc
687 3639 849 3719 nonnulla,
873 3656 954 3720 quae
977 3637 1019 3702 ad
1042 3654 1093 3701 res
1108 3635 1305 3701 necessarias
1319 3654 1390 3721 per-

212 3737 325 3819 tinent,
358 3735 527 3803 referenda
559 3745 641 3804 sunt.
686 3737 778 3804 Velut
811 3736 902 3821 aetra
934 3738 1006 3804 fem.
1041 3736 1176 3821 primum
1207 3735 1390 3817 Oribasius3

213 3837 335 3904 ciborio
356 3836 434 3903 (lod.
449 3836 550 3922 Lugd.
572 3859 709 3923 roman,
731 3838 837 3904 adlato
855 3837 935 3904 Tab.
957 3857 987 3904 a.
1003 3837 1094 3917 1173,
1117 3855 1251 3918 roman.;
1272 3837 1390 3903 cicada

213 3938 294 4003 Anu.
317 3939 474 4006 Genuens.
495 3957 524 4003 a.
539 3938 628 4022 1164,
650 3958 788 4021 roman.;
809 3936 960 4005 actualia
980 3936 1094 4004 (ibren.
1116 3937 1179 4004 Ait.
1200 3939 1321 4006 saeculi
1336 3939 1389 4005 de·

214 4039 296 4121 cimi,
318 4039 448 4120 ,vitalia‘
461 4058 488 4104 c.
500 4040 660 4107 saeculum
676 4047 832 4122 octavum,
854 4059 991 4118 roman,
1011 4058 1116 4124 prauo
1130 4038 1227 4105 Andr.
1242 4040 1390 4124 Bergam.

213 4158 334 4204 roman.
365 4140 459 4205 melle
480 4160 600 4207 roman.
634 4141 673 4207 cf.
696 4141 775 4206 Dies
797 4142 935 4207 Gramm.
958 4138 1023 4222 11³,
1045 4139 1095 4206 22.
1116 4139 1294 4207 Accedunt:
1315 4161 1389 4227 pro·

213 4243 299 4306 mino
327 4240 406 4307 Bell.
428 4241 519 4307 Paris
540 4262 567 4308 c
589 4261 619 4306 a.
640 4241 717 4321 900,
741 4241 781 4307 cf.
802 4242 835 4306 it.
858 4241 1047 4325 ,gramigna‘
1067 4239 1157 4321 fem,
1177 4243 1303 4306 zizanio
1323 4244 1389 4308 Au·

214 4342 330 4426 gustin.
352 4360 484 4425 roman,
505 4349 644 4408 decore
665 4342 704 4409 cf.
726 4342 813 4407 Dion.
836 4342 975 4408 Gramm.
997 4361 1030 4426 p.
1042 4341 1093 4424 23,
1114 4343 1184 4408 celo
1204 4341 1263 4407 Lit.
1286 4341 1389 4408 Salla-

187 4486 190 4492 ι
214 4443 277 4509 din.
299 4463 358 4530 pro
380 4443 486 4510 Pisan.
508 4463 646 4525 roman,
666 4443 731 4527 filo
752 4440 887 4528 Capitol.
910 4463 940 4511 a.
961 4442 1032 4511 790.
1055 4462 1189 4527 roman,
1205 4443 1293 4527 folio
1314 4442 1389 4511 [sid.
