3388 5146
830 350 1035 419 ..35-

429 532 549 600 Eodem
576 532 672 598 mede
698 533 738 598 de
764 531 942 598 bominibus
973 531 1059 598 dicta
1080 529 1209 596 nomina
1229 530 1373 597 verbalia
1392 529 1424 594 15
1446 531 1522 610 ,ser‘

348 639 379 700 et
401 637 470 715 ,tor‘
494 634 669 717 permulta
690 635 818 700 saecula
840 634 992 717 epicoena
1014 638 1086 698 sunt
1106 637 1268 718 usurpata,
1289 637 1402 715 postea
1418 636 1451 696 ut
1464 652 1520 715 ge·
1581 616 1584 621 ’
1655 708 1661 713 ,

347 755 406 800 555
427 734 578 800 muliebre
612 734 696 800 clare
727 734 986 820 distingueretur,
1016 728 1174 800 uocabula
1199 733 1232 798 iu
1255 733 1339 814 ,trix‘
1359 731 1447 813 licta,
1478 732 1519 797 51.

345 834 658 903 855560651697.
1397 878 1400 883 ·

428 935 537 1000 Pauca
573 941 720 1003 neutra
756 936 886 1014 Latina,
927 933 975 1000 15
1012 932 1233 999 hominibus
1268 935 1332 1000 rel
1368 933 1520 1002 bestiis

346 1036 473 1118 11515,
505 1041 620 1122 555155
646 1036 684 1101 15
706 1036 931 1102 5155551155
952 1040 990 1100 51
1010 1035 1202 1100 feminina
1222 1040 1418 1120 separata
1438 1040 1520 1100 5551.

346 1136 399 1204 815
411 1157 452 1203 ex
467 1139 708 1224 mancipium
730 1137 926 1223 ,mancipins‘
948 1136 1094 1219 1505511.
1111 1158 1138 1203 5.
1153 1136 1264 1207 aete.
1287 1137 1465 1220 ‚mancipia‘
1487 1136 1521 1202 in

345 1240 519 1320 Praecepto
541 1256 570 1302 a.
583 1238 653 1318 856,
676 1257 716 1303 ex
731 1239 752 1322 j
756 1245 951 1303 umectum
972 1238 1134 1322 ,jumenta
1155 1237 1188 1302 iu
1200 1237 1283 1302 Itala
1305 1238 1356 1319 (fr.
1378 1240 1520 1324 ,jument‘

345 1341 433 1422 1551.)
453 1347 493 1423 51,
504 1338 677 1424 jumentus‘
697 1340 784 1405 15515
795 1345 881 1420 5551;
905 1338 1149 1421 animadvertas,
1173 1357 1293 1422 serves,
1314 1359 1393 1423 quos
1405 1339 1521 1425 Latini,

344 1442 434 1526 quasi
456 1440 599 1506 homines
619 1460 681 1506 non
698 1449 814 1523 essent,
836 1447 947 1508 mentm
959 1459 1076 1524 genere
1097 1440 1354 1524 designaverunt,
1372 1441 1440 1525 jam
1461 1443 1519 1507 ini·

346 1544 390 1610 tio
412 1542 507 1608 medii
528 1541 600 1607 aeri
621 1561 679 1609 555
701 1561 856 1626 quemque
877 1561 994 1635 genere
1016 1560 1088 1607 5555
1108 1542 1297 1626 5555115155.

430 1643 597 1728 Oenjungo
619 1643 761 1725 cumbis
784 1644 864 1726 alia,
894 1662 976 1728 quae
1003 1641 1048 1708 de
1075 1642 1168 1708 551115
1189 1642 1376 1726 55155515
1398 1644 1522 1728 11515,

346 1765 416 1811 5551
438 1743 672 1829 significatione
694 1743 822 1811 diversa
849 1764 976 1829 genus
1003 1744 1307 1828 grammaticum
1340 1747 1522 1812 naturali

345 1843 598 1931 1555551555
625 1852 823 1931 acceperunt.
866 1846 960 1912 Velut
984 1844 1163 1910 1515155
1188 1845 1228 1910 15
1249 1845 1359 1912 Ρ51515
1381 1846 1414 1912 O.
1436 1847 1465 1913 J.
1487 1847 1520 1929 5,

343 1947 434 2017 4209.
458 1945 556 2028 5799,
585 1947 775 2032 plaustra
804 1948 843 2013 de
861 1948 956 2013 Arete
978 1947 1052 2012 lem.
1074 1967 1125 2032 ap.
1147 1945 1256 2012 81155.
1280 1966 1375 2013 earm.
1397 1947 1428 2029 5,
1448 1947 1523 2017 282.

344 2047 384 2115 15
407 2046 603 2133 ,prostibula‘
625 2055 657 2112 et
677 2052 802 2130 ,scorta‘
828 2048 984 2115 5115115.
1009 2068 1036 2113 5.
1048 2068 1078 2112 v.
1106 2048 1227 2113 Eodem
1244 2047 1337 2113 modo
1349 2067 1453 2132 pauca
1465 2050 1522 2113 ab·
1641 2098 1649 2125 ,

344 2154 472 2232 5115515,
495 2148 537 2214 51
558 2148 703 2216 homines
723 2150 891 2231 translata,
913 2148 995 2235 virili
1019 2156 1091 2214 sunt
1110 2137 1228 2232 genere
1249 2155 1411 2236 usurpata.
1441 2150 1522 2215 der-

344 2250 471 2316 15515
493 2255 606 2337 patruo
629 2250 734 2316 Gloss.
756 2250 981 2334 15551770),
1004 2249 1126 2330 ,barba‘
1147 2247 1188 2313 bl.
1211 2249 1251 2315 Η.
1272 2249 1307 2314 Ρ.
1330 2248 1386 2315 Ob.
1408 2252 1439 2329 1,
1458 2250 1524 2318 269

343 2372 372 2417 5.
387 2352 521 2420 984515.
543 2351 725 2433 ,barbanus‘
742 2371 840 2435 saepe
854 2350 970 2417 011155.
984 2350 1083 2416 Andr.
1097 2349 1243 2435 Bergam.
1266 2350 1332 2415 Lex
1344 2351 1435 2416 Roth.
1450 2351 1523 2419 164.

342 2454 504 2537 15511555
532 2453 644 2536 lingua
665 2452 907 2537 Francogallica
935 2457 967 2517 et
996 2451 1029 2516 in
1058 2451 1169 2536 lingua
1196 2450 1350 2518 Rhaetica
1377 2452 1522 2519 Ouriensi

344 2553 474 2635 ,barbe‘,
497 2553 538 2619 51.
560 2553 639 2619 Diez
659 2555 696 2619 E.
719 2553 768 2620 W.
791 2555 868 2634 3553
882 2560 1088 2639 55151155,
1111 2553 1144 2618 11.
1166 2551 1321 2637 ,5515515ι
1344 2553 1383 2619 15
1401 2553 1521 2638 judice,

345 2653 489 2719 similiter
510 2653 543 2718 in
564 2655 673 2738 lingua
694 2674 783 2740 prov.
826 2653 917 2720 Adde
938 2653 1136 2740 55515515
1156 2655 1293 2739 paganis
1315 2674 1412 2719 51555.
1435 2654 1523 2737 5551

345 2753 508 2820 Commod.
537 2755 623 2839 5551.
645 2754 716 2822 345.
748 2755 818 2833 679,
852 2756 955 2838 ,gens‘
976 2756 1058 2839 sing.
1080 2758 1119 2820 de
1148 2775 1210 2820 uno
1239 2755 1365 2820 bomine
1391 2774 1522 2840 pagano

344 2853 430 2938 5551
462 2855 596 2921 eundem
624 2857 712 2921 15511.
735 2860 765 2938 1,
785 2856 836 2937 26,
862 2857 912 2924 24.
955 2857 1075 2921 Eadem
1104 2855 1145 2922 (15
1177 2875 1275 2922 55555
1299 2858 1522 2943 propertius

343 2976 442 3024 51555.
476 2956 604 3023 exhibet
633 2956 753 3043 851515.
782 2957 891 3024 85151.
924 2956 1082 3034 5111551,
1113 2957 1144 3035 2,
1176 2959 1205 3040 8,
1239 2957 1395 3024 soboles
1420 2976 1521 3024 masc.

343 3056 505 3123 Commod.
527 3058 701 3143 5551422.
723 3058 794 3127 718.

424 3157 489 3224 Sed
510 3159 699 3225 accedamus
720 3160 762 3225 ad
785 3158 827 3243 id,
848 3158 1445 3243 5551Ρ51115515Ε15511115161511511
1465 3178 1519 3224 en·
1631 3182 1635 3192 ·
1676 3136 1677 3165 ¹

345 3258 553 3343 cyclopaedia
574 3263 604 3341 1,
626 3260 667 3328 62
688 3281 720 3346 5.
734 3259 795 3328 399
817 3280 863 3344 aq.
885 3261 998 3326 summi
1020 3262 1065 3326 ait
1086 3280 1159 3327 5555
1181 3262 1329 3327 momenti
1350 3261 1382 3325 15
1402 3279 1520 3345 genere

344 3360 591 3441 considerando,
623 3367 656 3427 ut
677 3362 708 3425 in
730 3360 875 3444 singulas
896 3362 1241 3428 substantivorum
1263 3364 1422 3428 classes
1443 3359 1518 3445 sig-

344 3460 587 3526 nificatione
619 3461 821 3528 distantes
855 3462 1057 3546 inquiramus.
1100 3464 1202 3547 Atque
1237 3482 1274 3528 55
1303 3463 1428 3529 15511155
1450 3462 1519 3546 jam

344 3560 429 3647 apud
460 3562 582 3647 5115555
614 3561 744 3629 Latinos
765 3562 916 3628 nonnulla
937 3563 1060 3629 urbium
1082 3570 1113 3629 51
1132 3564 1283 3631 montium
1305 3564 1441 3645 nomina,
1463 3583 1518 3647 po-

345 3668 414 3729 stea
434 3663 534 3728 multa
555 3662 750 3747 appellativa
772 3663 800 3729 51
824 3663 951 3748 generi,
973 3683 1035 3747 quo
1057 3664 1159 3749 major
1181 3684 1329 3731 numerus
1351 3663 1518 3731 vocabulo·

344 3784 413 3829 rum
436 3761 538 3828 eidem
561 3763 657 3828 classi
679 3763 897 3830 attributorum
919 3765 1145 3849 usurpabatur,
1178 3765 1418 3831 accommodata
1438 3771 1520 3843 sunt,

345 3865 420 3948 quia
440 3883 535 3930 voces
556 3863 739 3948 generales,
769 3865 855 3930 velut
874 3864 978 3947 ,urbs,
1009 3884 1115 3948 mons,
1138 3866 1248 3947 arbor,
1282 3865 1391 3931 1151115ί
1422 3884 1519 3949 55555

345 3972 377 4030 51
397 3964 595 4030 addebantur
627 3971 658 4029 51
678 3965 956 4031 subaudiebantur.
1000 3965 1054 4031 815
1074 3966 1173 4031 multa
1194 3966 1348 4031 urbium
1381 3966 1520 4049 nomina,

344 4065 514 4151 praecipue
537 4064 661 4131 Graeca
682 4085 699 4131 e
720 4067 872 4132 neutris
895 4066 1089 4131 feminina
1109 4066 1196 4132 15515
1217 4073 1298 4147 5551,
1320 4066 1360 4131 51.
1383 4085 1465 4149 quae
1485 4065 1520 4131 in

343 4166 447 4231 indice
470 4166 663 4250 collegimus.
707 4166 904 4249 Quamquam
927 4167 1163 4234 concedendum
1186 4173 1249 4248 est,
1272 4167 1435 4251 complura
1456 4186 1519 4230 ur-

344 4267 448 4332 bium
469 4267 598 4333 nomina
620 4266 771 4332 feminina
792 4268 823 4332 in
845 4270 910 4351 ,us‘
933 4267 1092 4334 secundae
1114 4268 1334 4334 declinationis
1355 4267 1520 4351 aLatinis,

345 4367 457 4449 quibus
480 4368 547 4435 eius
569 4368 671 4434 exitus
693 4367 873 4454 muliebria,
903 4388 923 4433 a
944 4368 1126 4436 masculinis
1158 4370 1264 4453 555515
1293 4389 1355 4434 555
1382 4368 1521 4450 diversa,

343 4467 555 4563 displicebant
576 4469 631 4553 (51.
653 4488 685 4562 5.
706 4469 772 4560 32),
795 4469 836 4541 ad
858 4476 1035 4542 neutrum
1056 4490 1157 4555 genus
1179 4489 1249 4544 5555
1270 4469 1403 4554 1515115,
1425 4470 1522 4565 quasi
