3388 5146
716 334 1029 448 ¹-ro--

338 522 437 589 tentia
448 518 594 589 Ouidium
611 523 798 608 saepissime
813 519 926 601 ‚freta‘,
950 520 1110 585 rarissime
1128 519 1249 601 ,maria‘
1267 519 1395 585 dixisse.
1423 519 1515 584 Adde

339 622 440 705 quod,
467 623 582 706 plurali
609 624 731 707 posito,
760 623 920 707 adjectiva
946 641 1085 705 quoque,
1115 641 1183 687 cum
1214 622 1278 686 illis
1300 620 1419 685 neutris
1441 640 1514 685 con-

290 799 293 804 ,
334 725 456 807 juncta,
479 723 506 787 si
528 724 667 789 secunda
689 724 900 790 declinatione
921 723 1138 803 flectebantur,
1161 742 1218 806 pro
1242 721 1371 806 ancipiti
1388 721 1515 805 syllaba

339 831 494 902 extrema,
535 844 633 907 quae,
676 825 702 889 si
736 825 903 891 trochaeus
931 823 1073 888 velutin
1101 825 1252 907 optimum
1289 829 1321 888 et
1344 824 1516 906 pessimant

338 924 494 1005 anteibat,
527 925 712 991 hexametro
742 925 838 991 inseri
864 924 950 989 nullo
979 924 1072 989 modo
1104 929 1240 1009 poterat,
1273 923 1400 988 brevem
1433 922 1514 987 aeci-

339 1026 485 1111 piabant,
517 1025 545 1090 si
574 1026 698 1091 tertiam
732 1024 959 1109 sequebantur,
992 1024 1078 1091 velut
1100 1026 1220 1107 tristia,
1246 1025 1387 1089 illustria
1407 1023 1514 1106 dacty-

338 1126 438 1195 lorum
461 1145 622 1192 numerum
645 1127 814 1211 augebant.
859 1124 952 1189 Velut
973 1144 1013 1189 ex
1034 1125 1198 1190 vocabulis
1221 1123 1325 1189 Ovidii
1350 1131 1515 1188 metamor·

339 1227 483 1311 phoseon
504 1226 576 1292 libri
597 1227 619 1292 4
639 1247 750 1293 versus
771 1228 842 1308 359,
870 1226 1101 1312 ,subjeetutque
1128 1245 1239 1291 manus
1261 1225 1422 1308 invitaque
1443 1244 1515 1309 pec-

338 1335 408 1393 tora
430 1329 542 1410 tangit‘
577 1329 633 1411 sol.
662 1327 832 1410 Salmacis,
866 1327 928 1392 nisi
955 1327 1070 1411 plurali
1092 1330 1244 1412 ,pectora‘
1265 1326 1387 1412 posito,
1420 1325 1515 1390 bexa-

273 1456 275 1467 ·
339 1434 438 1493 meter
460 1428 605 1512 componi
627 1447 689 1492 non
711 1434 824 1513 potest.
1141 1482 1144 1487 .

422 1527 469 1593 Eo
492 1527 617 1594 facilius
640 1534 744 1594 autem
765 1535 890 1614 poetae,
914 1529 976 1613 qui,
999 1548 1056 1612 pro
1078 1527 1224 1594 libertate
1248 1526 1374 1609 divinae
1394 1525 1440 1592 illi
1457 1525 1517 1590 arti

340 1629 486 1695 omnibus
509 1629 702 1714 temporibus
725 1649 891 1709 concessa,
922 1650 984 1694 non
1008 1636 1073 1694 tam
1096 1629 1280 1715 scrupulose
1301 1629 1391 1711 leges
1413 1646 1516 1710 gram·

341 1729 473 1795 maticas
495 1730 526 1794 in
550 1731 691 1819 versibus
721 1731 961 1814 compingendis
990 1730 1221 1812 observabant,
1254 1749 1348 1812 quam
1380 1728 1447 1793 soni
1464 1727 1517 1811 ju·

341 1829 435 1896 eundi
461 1829 619 1896 efficiendi
647 1829 751 1895 studio
780 1830 991 1909 ducebantur,
1026 1830 1154 1898 licentia
1184 1830 1240 1895 illa
1272 1829 1333 1895 frui
1361 1834 1518 1911 poterant,

341 1933 474 2017 primum
502 1932 577 2014 quia
604 1932 654 1996 rel
676 1931 761 2014 apud
783 1939 926 1997 oratores
947 1932 1078 1997 Latinos
1100 1931 1252 1996 nonnulla
1274 1930 1430 1995 vocabula
1450 1929 1518 2013 plu·

341 2031 421 2097 ralia
443 2039 564 2097 tantum
586 2033 844 2112 enuntiabantur,
875 2032 907 2097 in
930 2033 1043 2116 quibus
1066 2033 1187 2097 numeri
1210 2034 1258 2097 vis
1278 2030 1430 2116 temporis
1452 2029 1516 2095 diu-

341 2132 488 2199 turnitate
511 2133 543 2197 in
566 2132 755 2200 oblivionem
784 2133 861 2198 data
889 2141 974 2214 erat,
1008 2133 1123 2199 deinde
1153 2132 1228 2216 quia
1256 2131 1388 2217 pluralis
1410 2151 1517 2215 saepe,

341 2234 394 2299 ubi
422 2231 580 2298 sententia
609 2253 672 2298 non
703 2234 909 2318 poscebatur,
947 2231 1167 2298 concinnitatis
1200 2238 1299 2299 causa
1331 2232 1516 2317 ponebatur.

341 2335 461 2401 Tamen
484 2354 554 2400 oum
575 2333 704 2418 linguae
728 2342 842 2400 natura
863 2353 953 2399 usum
981 2333 1069 2398 illum
1096 2354 1158 2399 non
1187 2335 1373 2416 convenire,
1407 2334 1457 2398 rel
1479 2352 1519 2398 ex
1557 2360 1559 2363 ·

341 2454 435 2500 versu
463 2434 519 2500 illo
546 2433 668 2513 ludicro
697 2436 728 2498 in
752 2434 926 2518 Vergilium
950 2453 969 2498 a
991 2435 1091 2500 liavio
1121 2441 1153 2500 ct
1178 2434 1304 2501 Maesio
1333 2433 1518 2518 composito,

344 2554 436 2617 quem
454 2534 584 2600 Servius
607 2534 648 2598 ad
664 2535 780 2619 Georg.
803 2538 831 2616 1,
853 2535 917 2603 210
937 2536 1050 2600 tradit:
1072 2534 1182 2618 ,ordea
1203 2536 1255 2618 qui
1278 2536 1358 2601 dixit
1378 2541 1523 2621 superest

343 2641 378 2701 ut
397 2635 504 2699 tritica
524 2634 620 2723 dicat‘
642 2636 872 2718 cognoscimus.
905 2637 1007 2720 Adde,
1030 2636 1114 2720 quod
1131 2636 1216 2702 idern
1228 2636 1357 2704 Servius
1371 2636 1412 2702 ad
1427 2637 1521 2719 Verg.

346 2737 404 2801 ccl.
432 2737 467 2816 5,
495 2735 536 2802 36
565 2735 605 2800 ad
633 2737 821 2801 vocabulum
853 2737 995 2819 ,hordea‘
1029 2737 1177 2803 adnotat:
1211 2737 1404 2822 ,usurpative
1432 2737 1522 2802 metri

346 2856 445 2902 causa
473 2836 584 2919 dixit,
602 2856 675 2901 nam
707 2836 836 2903 ordeum
865 2846 923 2904 etc.
951 2838 1071 2912 numeri
1099 2845 1219 2904 tantum
1247 2839 1418 2922 singularis
1440 2847 1522 2921 suot,

346 2937 428 3003 unde
450 2937 615 3021 pluraliter
634 2936 666 3001 in
690 2957 786 3023 prosa
808 2939 852 3003 uti
876 2946 938 3004 non
959 2942 1147 3024 possumus‘.

428 3037 523 3103 Haud
544 3038 657 3127 ignoro
678 3045 791 3122 poetas
813 3040 936 3123 epicos,
965 3060 1155 3124 quamquam
1177 3038 1345 3105 nonnullas
1368 3038 1524 3104 sermonis

345 3137 451 3222 plebel
473 3138 592 3204 formas
614 3141 704 3205 metri
727 3160 826 3206 causa
850 3140 1043 3219 admiserint,
1066 3141 1107 3205 ad
1122 3139 1333 3226 posteriorum
1346 3147 1522 3224 temporum
1595 3202 1598 3207 .

346 3258 522 3304 sermonem
544 3241 707 3324 vulgarem
729 3262 792 3306 non
814 3241 859 3306 ita
878 3243 1009 3307 multum
1029 3242 1183 3323 valuisse,
1213 3248 1246 3306 at
1273 3260 1343 3307 oum
1365 3240 1524 3325 Vergilius

347 3359 468 3406 summo
501 3340 606 3407 studio
637 3342 811 3425 legeretur,
847 3342 940 3407 facile
972 3341 1040 3407 fieri
1069 3343 1170 3427 potuit
1198 3349 1232 3406 ut
1253 3363 1293 3407 ex
1314 3343 1469 3426 poematis
1490 3342 1523 3405 in

348 3441 522 3507 orationem
544 3442 679 3507 solutam
701 3461 777 3507 usus
799 3442 853 3506 ille
875 3442 1099 3510 traduceretur.
1144 3444 1235 3509 Certe
1258 3463 1297 3509 ex
1320 3443 1384 3508 illis
1406 3444 1437 3508 in
1459 3462 1523 3507 me·

348 3541 391 3606 dii
413 3541 484 3606 aevi
506 3541 648 3607 earmina
664 3561 757 3607 versu
773 3542 901 3607 heroico
921 3545 1103 3626 ’composita
1116 3551 1315 3629 propagatus
1328 3551 1384 3609 est.
1419 3544 1523 3621 Quare

262 3708 263 3711 ,
349 3661 418 3706 cum
442 3641 503 3706 hac
524 3648 688 3726 poetarum
710 3643 936 3709 eonsuetudinc
958 3650 1053 3709 ancta
1079 3664 1150 3710 esse
1181 3644 1325 3710 videatur
1354 3665 1425 3724 ea,
1443 3663 1525 3726 quae

349 3743 523 3824 posteriore
545 3763 625 3809 aevo
647 3743 734 3809 facta
747 3751 804 3824 est,
827 3763 1024 3809 numerorum
1038 3753 1231 3829 etgcnerum
1246 3744 1398 3828 confusio,
1421 3764 1524 3827 apro·

349 3843 453 3927 posito
474 3863 545 3910 meo
568 3864 630 3909 non
661 3844 833 3925 abhorrere
861 3844 998 3926 videtur,
1027 3846 1061 3924 si
1090 3865 1153 3911 non
1180 3848 1332 3931 pleraque
1362 3867 1442 3929 quac
1464 3846 1527 3910 bue

350 3944 507 4028 pertinent
529 3945 687 4028 colligam,
710 3946 806 4029 paulo
828 3955 932 4010 tamen
955 3947 1132 4013 accuratius
1151 3947 1183 4011 iu
1197 3948 1279 4012 banc
1294 3947 1426 4032 pluralis
1441 3945 1527 4029 apud

350 4050 463 4127 poetas
485 4045 712 4111 abundantiam
733 4046 943 4129 investigabo.

433 4145 506 4210 Jam
528 4147 559 4211 in
582 4147 696 4212 Ennii
720 4146 888 4212 annalibus
911 4148 942 4211 in
965 4149 1137 4214 versu143
1158 4147 1308 4231 legimus:
1331 4147 1435 4230 ,Isque
1457 4146 1527 4211 dies

351 4248 521 4330 postquam
540 4249 647 4313 Ancus
669 4248 800 4313 Martius
820 4248 945 4333 rapaci·
962 4249 1108 4334 recepit,
1124 4248 1177 4314 cf.
1200 4248 1294 4332 Verg.
1318 4250 1400 4312 Aen·
1415 4251 1443 4329 i,
1466 4247 1529 4314 206

341 4352 470 4441 ,regna‘
493 4349 549 4419 scl.
570 4348 697 4430 Troiae,
719 4348 780 4415 620
807 4349 970 4427 ‚Teucrum
993 4353 1079 4416 nova
1098 4352 1200 4432 regna
1220 4352 1405 4433 petentem‘;
1435 4348 1466 4429 2,
1487 4348 1529 4415 22

352 4448 478 4533 ,Priami
508 4453 635 4533 regna‘,
670 4450 816 4534 saepius,
858 4469 1058 4534 quamquam,
1075 4459 1226 4533 ,regnum‘
1258 4470 1318 4514 non
1348 4469 1421 4514 raro
1442 4447 1528 4532 apud
