3388 5146
682 333 888 402 ..43-

197 518 284 583 mula
312 515 463 584 solemnis
494 514 680 601 saepissime
713 516 864 601 ropetitur
895 515 927 581 in
955 515 1072 582 ebartis
1100 514 1174 582 iude
1202 536 1221 580 a
1248 514 1376 581 saeoulo

197 624 303 697 sexto,
325 618 413 684 velut
433 615 549 681 Marini
572 617 643 685 111.
686 616 834 700 Adjunge
856 616 905 682 his
927 624 1103 701 temporo
1124 623 1156 682 et
1176 619 1271 699 otio,
1295 635 1376 700 quae

196 739 255 805 per
286 719 454 784 multorum
489 736 641 783 annorum
669 718 805 804 spatium
841 724 965 803 patent,
1000 718 1136 800 denique
1167 719 1315 803 paedia
1346 723 1378 782 et

196 820 337 897 fortio,
359 837 490 900 quorum
508 816 587 882 illud
609 817 711 904 primo
733 817 773 884 de
796 817 929 902 singulis
950 819 1044 886 laetis
1060 818 1239 897 affectibus,
1260 818 1377 884 hoedo

199 920 305 985 multis
327 920 422 984 rebus
443 917 565 984 fortiter
586 919 685 1003 gestis
707 918 825 984 dietum
846 925 904 985 est.

280 1020 450 1086 Praeterea
472 1019 513 1084 ad
536 1039 636 1104 genus
658 1018 840 1085 femininum
870 1018 975 1085 medio
997 1038 1077 1086 aevo
1098 1019 1273 1104 vergebant
1294 1038 1376 1084 eom-

198 1119 292 1205 plura
312 1120 440 1185 nomina
460 1119 638 1211 locorum
659 1119 915 1203 munitorum,
947 1139 1079 1203 quorum
1109 1120 1208 1185 tutela
1232 1118 1377 1185 homiues

199 1226 231 1286 et
252 1241 272 1286 a
292 1226 514 1306 tempestatum
543 1221 743 1287 vehementia
772 1226 803 1286 et
832 1222 872 1286 ab
902 1221 1038 1286 hostium
1064 1221 1095 1286 vi
1117 1220 1377 1301 defendebantur,

198 1321 284 1387 velut
316 1320 476 1405 aedificio,
507 1321 631 1404 111111,
663 1322 819 1403 elaustro,
853 1321 1013 1404 coenobio,
1041 1324 1249 1404 monasterio,
1276 1323 1378 1387 moni·

197 1424 295 1487 mino.
348 1422 439 1488 Adde
475 1423 627 1488 nonnulla
658 1422 814 1488 voeabula
850 1424 1191 1504 vestimentorum,
1226 1422 1267 1488 ad
1295 1443 1376 1507 quae

199 1524 318 1604 ,111111ί
346 1524 395 1588 rel
424 1524 553 1604 ,tuniea‘
580 1522 845 1606 subaudiebatur,
882 1526 967 1590 velut
1000 1525 1098 1589 linteo
1133 1525 1230 1608 (Dies
1261 1525 1296 1590 Ε.
1327 1523 1377 1590 W.

200 1622 285 1704 191),
299 1623 422 1706 pollio,
454 1623 589 1706 eobano,
611 1644 703 1710 sopo3
735 1626 858 1690 cucullo
879 1624 1054 1708 (oueullus)
1080 1627 1223 1692 Ambros.
1246 1626 1375 1691 Hieron.

200 1721 322 1787 unnod.
354 1723 500 1807 Epistola
530 1726 652 1808 Pelagii
686 1745 791 1810 papae
824 1727 935 1793 11711
966 1727 1064 1809 Bouq.
1086 1727 1116 1807 4,
1136 1726 1227 1795 lon
1256 1732 1314 1792 eto.
1344 1726 1377 1791 it

200 1822 342 1905 ,oooolla‘
365 1822 439 1889 lem.
461 1825 604 1905 ‚eoeollo‘
626 1845 740 1907 masa,
763 1827 982 1906 eoloeuraento3
1002 1846 1092 1891 socco
1105 1826 1245 1913 (soeous)
1259 1825 1378 1891 (lharta

201 1943 230 1989 a.
252 1924 314 1991 855
336 1943 388 2009 ap.
411 1924 512 2009 Gang.
539 1926 698 1992 suadolio.
740 1927 887 1994 Terrae
910 1946 1050 2011 quoque,
1080 1927 1196 2013 quippe
1218 1946 1300 2009 quae
1322 1927 1377 1992 ho·

199 2024 301 2090 mines
322 2023 451 2106 nutriat,
472 2027 601 2091 nomina
622 2027 732 2111 generi
753 2028 905 2093 feminino
927 2027 1032 2093 medio
1046 2047 1126 2094 aevo
1143 2029 1247 2112 magis
1262 2026 1378 2094 idonea

200 2130 300 2206 eraut,
324 2125 410 2191 velut
431 2147 519 2209 arou,
536 2127 659 2211 faudo,
677 2130 824 2213 praedio,
844 2131 1015 2194 territorio.

280 2226 378 2294 Porro
393 2229 555 2293 nomina
572 2229 732 2295 abstracta
746 2229 785 2294 in
801 2232 882 2312 ,or‘,
904 2229 936 2294 in
952 2229 1062 2313 lingua
1075 2227 1271 2313 provinciali,
1292 2227 1376 2293 fran-

202 2327 368 2410 oogalliea,
389 2327 498 2394 italioa
519 2329 702 2396 femininum
718 2348 819 2414 genus
841 2335 1078 2415 assumpserunt
1095 2328 1150 2412 (ef.
1164 2328 1378 2396 Darmesteter

203 2434 218 2494 1
241 2449 273 2513 p.
296 2429 357 2496 246
378 2430 456 2513 sq),
484 2430 617 2515 primum
645 2432 720 2515 quia
741 2424 872 2497 virtutes
901 2438 932 2497 et
956 2431 1033 2496 vitia
1055 2437 1086 2498 et
1107 2449 1190 2513 quae
1212 2436 1285 2496 sunt
1306 2431 1378 2497 hoio

201 2529 310 2613 generi
334 2529 451 2595 similia
472 2550 596 2616 semper
619 2533 763 2598 muliebri
784 2533 891 2617 speeie
913 2532 1015 2618 aooipi
1031 2532 1142 2613 solent,
1165 2530 1279 2597 deiude
1292 2531 1376 2616 quod

200 2649 331 2696 neeesse
361 2637 443 2712 erat,
480 2632 595 2697 utillo
622 2634 851 2700 amaseulinis
880 2635 1039 2718 agentium
1068 2632 1264 2713 nominibus,
1293 2633 1378 2699 velut

198 2735 338 2812 ,aeteur‘,
360 2751 441 2815 quae
459 2733 570 2799 eodem
587 2733 680 2800 modo
697 2735 835 2818 exibant,
857 2736 951 2820 plane
968 2733 1242 2818 distinguerentur.
1275 2735 1377 2818 Atque

199 2831 231 2896 in
253 2831 422 2898 Latinitate
444 2851 606 2918 perpauca
628 2835 732 2900 inveni
754 2836 822 2901 eius
845 2835 1080 2902 consuetudinis
1097 2834 1243 2919 vestigia.
1275 2832 1376 2917 ,Quae

199 2930 352 2996 humorea‘
375 2932 499 2999 Oribas.
523 2936 573 3000 11.
597 2934 644 3016 12,
667 2934 766 3000 trano.
790 2935 941 3015 ,humeur‘
962 2936 1034 3000 lem.
1056 2934 1209 3017 ,qualibet
1230 2935 1376 3001 11111111ι

203 3031 276 3114 (pro
297 3034 580 3114 ,qualibetlabore‘
602 3041 656 3099 aut
668 3035 1044 3118 ,quamlibetlaborem‘),
1064 3035 1166 3117 ,labor
1188 3036 1297 3100 elausa
1319 3039 1377 3102 est‘

203 3129 269 3196 Lex
298 3132 415 3197 Salina.
452 3152 584 3211 ,summa
615 3132 740 3199 bouere‘
772 3133 840 3200 Lex
867 3135 956 3202 Rom.
989 3134 1074 3200 Utin.
1096 3135 1147 3216 25,
1174 3134 1225 3201 28.
1274 3136 1377 3220 Atque

202 3230 325 3311 ,honor‘
356 3230 575 3316 Franoogallis
609 3232 792 3300 femininum
826 3245 895 3300 erat
926 3253 1026 3317 usque
1058 3234 1100 3299 ad
1128 3234 1288 3301 saeoulum
1316 3237 1376 3319 14,

202 3330 316 3397 deinde
340 3331 500 3398 hominum
522 3333 684 3399 doetorum
706 3336 890 3402 auetoritate
913 3335 1065 3419 paulatim
1092 3335 1173 3401 iuter
1202 3336 1379 3403 masculina

203 3433 353 3516 relatum,
382 3434 556 3500 11111111.
600 3434 733 3517 ,Labor‘,
767 3436 850 3519 quod
879 3443 1006 3522 praeter
1032 3436 1065 3502 id
1086 3435 1171 3519 quod
1192 3442 1241 3502 est
1261 3436 1377 3515 ,arbor‘

202 3534 304 3598 solum
316 3554 423 3600 eorum
437 3535 661 3602 vocabulorum
675 3537 706 3600 iu
718 3539 785 3619 ,or‘,
807 3557 889 3620 quae
899 3536 1062 3603 Romaniei
1079 3542 1275 3623 receperunt,
1295 3537 1378 3604 inter

201 3632 333 3700 virtutes
355 3635 495 3721 vitiaque
517 3642 549 3703 et
571 3636 610 3702 iis
633 3636 750 3703 similia
770 3637 881 3704 referri
902 3657 965 3703 non
986 3643 1105 3723 potest,
1126 3638 1159 3704 in
1181 3658 1239 3706 suo
1260 3658 1377 3724 genere

201 3736 384 3820 permansit.

283 3835 520 3921 Significatione
554 3845 675 3920 autem,
717 3859 781 3904 non
823 3839 926 3905 forma
967 3839 1049 3905 hano
1081 3839 1208 3924 generis
1241 3859 1376 3906 eommu-

202 3936 352 4002 tationem
386 3937 529 4004 effectam
563 3959 633 4005 esse
666 3947 816 4026 apparet-3
854 3959 926 4005 nam
960 3939 1070 4023 arbor,
1104 3940 1188 4024 quod
1221 3960 1314 4007 unum
1344 3940 1377 4006 in

201 4035 308 4122 prisea
329 4036 439 4121 lingua
459 4040 573 4105 Latina
592 4041 775 4107 femininum
797 4045 874 4124 erat,
897 4040 1105 4106 masculinum
1127 4042 1244 4107 laetum
1265 4047 1323 4125 est,
1346 4047 1378 4107 et

201 4137 323 4219 ,labor‘,
345 4138 429 4221 quod
450 4141 559 4225 generi
580 4140 730 4206 feminino
751 4142 878 4207 ineunte
891 4141 996 4207 medio
1010 4161 1089 4208 aevo
1104 4142 1376 4228 appropinquasse

201 4238 352 4325 vidimus,
390 4242 423 4305 iu
460 4261 517 4307 suo
556 4243 658 4308 solum
695 4261 811 4325 genere
850 4244 1031 4327 permansit.
1083 4243 1239 4310 Laborem
1271 4249 1377 4309 autem

201 4341 377 4408 masculino
397 4341 507 4426 generi
528 4341 665 4409 maxime
687 4362 758 4410 esse
779 4342 937 4435 idoneum,
959 4343 1029 4429 quis
1042 4349 1091 4411 est
1103 4344 1178 4427 quin
1188 4344 1377 4429 intellegat?

202 4443 332 4510 Summa
363 4445 446 4510 enim
481 4443 649 4511 severitate
681 4444 860 4511 bominibus
894 4446 984 4530 quasi
1014 4465 1072 4511 rex
1097 4445 1241 4531 imperat.
1284 4444 1376 4523 Quod
