<?xml version="1.0" encoding="UTF-8"?>
<!DOCTYPE html PUBLIC "-//W3C//DTD XHTML 1.0 Transitional//EN"
    "http://www.w3.org/TR/xhtml1/DTD/xhtml1-transitional.dtd">
<html xmlns="http://www.w3.org/1999/xhtml" xml:lang="en" lang="en">
 <head>
  <title>
</title>
<meta http-equiv="Content-Type" content="text/html;charset=utf-8" />
  <meta name='ocr-system' content='tesseract 3.04.00' />
  <meta name='ocr-capabilities' content='ocr_page ocr_carea ocr_par ocr_line ocrx_word'/>
</head>
<body>
  <div class='ocr_page' id='page_1' title='image "./degenereneutroi00appegoog_0029.png"; bbox 0 0 3388 5146; ppageno 0'>
   <div class='ocr_carea' id='block_1_1' title="bbox 820 342 1024 408">
    <p class='ocr_par' dir='ltr' id='par_1_1' title="bbox 820 342 1024 408">
     <span class='ocr_line' id='line_1_1' title="bbox 820 342 1024 408; baseline 0 -18"><span class='ocrx_word' id='word_1_1' title='bbox 820 342 1024 408; x_wconf 69' lang='lat'><strong>..13-</strong></span> 
     </span>
    </p>
   </div>
   <div class='ocr_carea' id='block_1_2' title="bbox 315 516 1513 2221">
    <p class='ocr_par' dir='ltr' id='par_1_2' title="bbox 315 516 1513 2119">
     <span class='ocr_line' id='line_1_2' title="bbox 330 516 1509 612; baseline -0.009 -20"><span class='ocrx_word' id='word_1_2' title='bbox 330 533 442 612; x_wconf 89' lang='lat' dir='ltr'><strong>quartu</strong></span> <span class='ocrx_word' id='word_1_3' title='bbox 454 524 642 611; x_wconf 77' lang='lat' dir='ltr'><strong>pentametri</strong></span> <span class='ocrx_word' id='word_1_4' title='bbox 656 524 747 609; x_wconf 89' lang='lat' dir='ltr'><strong>pede,</strong></span> <span class='ocrx_word' id='word_1_5' title='bbox 771 522 950 607; x_wconf 84' lang='lat' dir='ltr'><strong>frequenter</strong></span> <span class='ocrx_word' id='word_1_6' title='bbox 967 519 1142 588; x_wconf 81' lang='lat' dir='ltr'><strong>hexametri</strong></span> <span class='ocrx_word' id='word_1_7' title='bbox 1160 527 1192 586; x_wconf 92' lang='grc'>51</span> <span class='ocrx_word' id='word_1_8' title='bbox 1203 518 1391 606; x_wconf 79' lang='lat' dir='ltr'>pentametri</span> <span class='ocrx_word' id='word_1_9' title='bbox 1405 516 1509 603; x_wconf 89' lang='lat' dir='ltr'><strong>prima</strong></span> 
     </span>
     <span class='ocr_line' id='line_1_3' title="bbox 330 620 1508 713; baseline -0.01 -19"><span class='ocrx_word' id='word_1_10' title='bbox 330 628 406 694; x_wconf 89' lang='lat' dir='ltr'><strong>sede</strong></span> <span class='ocrx_word' id='word_1_11' title='bbox 425 623 561 713; x_wconf 88' lang='lat' dir='ltr'><strong>positum</strong></span> <span class='ocrx_word' id='word_1_12' title='bbox 583 631 642 706; x_wconf 90' lang='lat' dir='ltr'><strong>est,</strong></span> <span class='ocrx_word' id='word_1_13' title='bbox 664 631 776 709; x_wconf 89' lang='lat' dir='ltr'><strong>quarta</strong></span> <span class='ocrx_word' id='word_1_14' title='bbox 797 623 972 690; x_wconf 81' lang='lat' dir='ltr'><strong>hexametri</strong></span> <span class='ocrx_word' id='word_1_15' title='bbox 994 623 1070 689; x_wconf 88' lang='lat' dir='ltr'><strong>sede</strong></span> <span class='ocrx_word' id='word_1_16' title='bbox 1093 622 1178 708; x_wconf 89' lang='lat' dir='ltr'><strong>apud</strong></span> <span class='ocrx_word' id='word_1_17' title='bbox 1200 623 1285 688; x_wconf 89' lang='grc'>55155</span> <span class='ocrx_word' id='word_1_18' title='bbox 1303 620 1438 685; x_wconf 83' lang='lat' dir='ltr'><strong>Ennium</strong></span> <span class='ocrx_word' id='word_1_19' title='bbox 1453 637 1508 682; x_wconf 91' lang='lat' dir='ltr'>an·</span> 
     </span>
     <span class='ocr_line' id='line_1_4' title="bbox 329 719 1509 809; baseline -0.009 -15"><span class='ocrx_word' id='word_1_20' title='bbox 329 728 479 809; x_wconf 80' lang='grc'>551247,</span> <span class='ocrx_word' id='word_1_21' title='bbox 501 725 666 792; x_wconf 73' lang='lat' dir='ltr'><strong>Horatium</strong></span> <span class='ocrx_word' id='word_1_22' title='bbox 689 727 795 806; x_wconf 82' lang='grc'>5511,</span> <span class='ocrx_word' id='word_1_23' title='bbox 816 727 845 804; x_wconf 90' lang='grc'>5,</span> <span class='ocrx_word' id='word_1_24' title='bbox 867 726 917 807; x_wconf 87' lang='grc'>43,</span> <span class='ocrx_word' id='word_1_25' title='bbox 940 723 1154 809; x_wconf 80' lang='lat' dir='ltr'><strong>Calpurnium,</strong></span> <span class='ocrx_word' id='word_1_26' title='bbox 1176 722 1359 798; x_wconf 86' lang='lat' dir='ltr'><strong>Ausonium,</strong></span> <span class='ocrx_word' id='word_1_27' title='bbox 1382 719 1509 785; x_wconf 87' lang='grc'>555551</span> 
     </span>
     <span class='ocr_line' id='line_1_5' title="bbox 330 824 1508 915; baseline -0.01 -20"><span class='ocrx_word' id='word_1_28' title='bbox 330 829 417 915; x_wconf 92' lang='lat' dir='ltr'><strong>apud</strong></span> <span class='ocrx_word' id='word_1_29' title='bbox 438 847 510 909; x_wconf 90' lang='grc'>555,</span> <span class='ocrx_word' id='word_1_30' title='bbox 539 826 592 911; x_wconf 90' lang='grc'>551</span> <span class='ocrx_word' id='word_1_31' title='bbox 614 824 853 890; x_wconf 80' lang='lat' dir='ltr'><strong>subtilissimam</strong></span> <span class='ocrx_word' id='word_1_32' title='bbox 875 825 1051 891; x_wconf 84' lang='lat' dir='ltr'><strong>hexametri</strong></span> <span class='ocrx_word' id='word_1_33' title='bbox 1072 824 1212 908; x_wconf 88' lang='lat' dir='ltr'><strong>fingendi</strong></span> <span class='ocrx_word' id='word_1_34' title='bbox 1235 828 1333 887; x_wconf 87' lang='lat' dir='ltr'><strong>artem</strong></span> <span class='ocrx_word' id='word_1_35' title='bbox 1357 828 1412 885; x_wconf 89' lang='grc'>551</span> <span class='ocrx_word' id='word_1_36' title='bbox 1432 838 1508 885; x_wconf 90' lang='grc'>555-</span> 
     </span>
     <span class='ocr_line' id='line_1_6' title="bbox 330 918 1508 1012; baseline -0.01 -17"><span class='ocrx_word' id='word_1_37' title='bbox 330 931 404 996; x_wconf 92' lang='lat' dir='ltr'>dum</span> <span class='ocrx_word' id='word_1_38' title='bbox 426 928 532 1012; x_wconf 87' lang='lat' dir='ltr'><strong>adepti</strong></span> <span class='ocrx_word' id='word_1_39' title='bbox 556 927 636 1007; x_wconf 90' lang='lat' dir='ltr'><strong>sint,</strong></span> <span class='ocrx_word' id='word_1_40' title='bbox 668 932 722 991; x_wconf 91' lang='lat' dir='ltr'>aut</span> <span class='ocrx_word' id='word_1_41' title='bbox 751 926 922 991; x_wconf 91' lang='lat' dir='ltr'><strong>amiserint.</strong></span> <span class='ocrx_word' id='word_1_42' title='bbox 966 925 1082 990; x_wconf 90' lang='lat' dir='ltr'><strong>lisdem</strong></span> <span class='ocrx_word' id='word_1_43' title='bbox 1103 944 1250 991; x_wconf 84' lang='lat' dir='ltr'><strong>versuum</strong></span> <span class='ocrx_word' id='word_1_44' title='bbox 1272 920 1418 1002; x_wconf 89' lang='lat' dir='ltr'><strong>sedibus,</strong></span> <span class='ocrx_word' id='word_1_45' title='bbox 1446 918 1508 986; x_wconf 93' lang='lat' dir='ltr'><strong>illis</strong></span> 
     </span>
     <span class='ocr_line' id='line_1_7' title="bbox 330 1021 1508 1114; baseline -0.012 -16"><span class='ocrx_word' id='word_1_46' title='bbox 330 1030 475 1114; x_wconf 91' lang='lat' dir='ltr'><strong>saepius,</strong></span> <span class='ocrx_word' id='word_1_47' title='bbox 508 1028 557 1093; x_wconf 89' lang='lat' dir='ltr'><strong>bis</strong></span> <span class='ocrx_word' id='word_1_48' title='bbox 584 1026 687 1092; x_wconf 88' lang='lat' dir='ltr'><strong>rarius</strong></span> <span class='ocrx_word' id='word_1_49' title='bbox 714 1034 820 1093; x_wconf 86' lang='lat' dir='ltr'><strong>cetera</strong></span> <span class='ocrx_word' id='word_1_50' title='bbox 841 1033 954 1092; x_wconf 88' lang='lat' dir='ltr'><strong>neutra</strong></span> <span class='ocrx_word' id='word_1_51' title='bbox 975 1026 1113 1111; x_wconf 85' lang='lat' dir='ltr'><strong>pluralia</strong></span> <span class='ocrx_word' id='word_1_52' title='bbox 1134 1045 1154 1090; x_wconf 98' lang='lat' dir='ltr'>a</span> <span class='ocrx_word' id='word_1_53' title='bbox 1176 1024 1280 1111; x_wconf 76' lang='grc'>555115</span> <span class='ocrx_word' id='word_1_54' title='bbox 1301 1029 1374 1089; x_wconf 89' lang='grc'>5551</span> <span class='ocrx_word' id='word_1_55' title='bbox 1395 1021 1508 1107; x_wconf 87' lang='grc'>555115.</span> 
     </span>
     <span class='ocr_line' id='line_1_8' title="bbox 315 1121 1509 1207; baseline -0.011 -9"><span class='ocrx_word' id='word_1_56' title='bbox 315 1133 395 1198; x_wconf 76' lang='lat' dir='ltr'><strong>»Sed</strong></span> <span class='ocrx_word' id='word_1_57' title='bbox 416 1131 478 1196; x_wconf 90' lang='lat' dir='ltr'>boc</span> <span class='ocrx_word' id='word_1_58' title='bbox 499 1149 538 1194; x_wconf 89' lang='lat' dir='ltr'>ex</span> <span class='ocrx_word' id='word_1_59' title='bbox 565 1127 742 1194; x_wconf 80' lang='lat' dir='ltr'><strong>hexametri</strong></span> <span class='ocrx_word' id='word_1_60' title='bbox 767 1126 872 1192; x_wconf 87' lang='lat' dir='ltr'><strong>Latini</strong></span> <span class='ocrx_word' id='word_1_61' title='bbox 905 1135 1020 1193; x_wconf 89' lang='lat' dir='ltr'><strong>natura</strong></span> <span class='ocrx_word' id='word_1_62' title='bbox 1052 1125 1152 1207; x_wconf 80' lang='lat' dir='ltr'><strong>effici,</strong></span> <span class='ocrx_word' id='word_1_63' title='bbox 1185 1146 1254 1192; x_wconf 88' lang='lat' dir='ltr'>eum</span> <span class='ocrx_word' id='word_1_64' title='bbox 1287 1123 1414 1190; x_wconf 88' lang='lat' dir='ltr'><strong>omnine</strong></span> <span class='ocrx_word' id='word_1_65' title='bbox 1446 1121 1509 1187; x_wconf 92' lang='lat' dir='ltr'><strong>illis</strong></span> 
     </span>
     <span class='ocr_line' id='line_1_9' title="bbox 332 1221 1509 1319; baseline -0.008 -23"><span class='ocrx_word' id='word_1_66' title='bbox 332 1230 503 1319; x_wconf 81' lang='lat' dir='ltr'><strong>praecipue</strong></span> <span class='ocrx_word' id='word_1_67' title='bbox 525 1229 655 1295; x_wconf 91' lang='lat' dir='ltr'><strong>sedibus</strong></span> <span class='ocrx_word' id='word_1_68' title='bbox 677 1228 796 1312; x_wconf 81' lang='lat' dir='ltr'><strong>dactyli</strong></span> <span class='ocrx_word' id='word_1_69' title='bbox 817 1229 970 1295; x_wconf 86' lang='lat' dir='ltr'><strong>incisione</strong></span> <span class='ocrx_word' id='word_1_70' title='bbox 993 1248 1056 1295; x_wconf 91' lang='grc'>555</span> <span class='ocrx_word' id='word_1_71' title='bbox 1073 1227 1237 1294; x_wconf 90' lang='lat' dir='ltr'><strong>accidente</strong></span> <span class='ocrx_word' id='word_1_72' title='bbox 1250 1231 1421 1311; x_wconf 86' lang='lat' dir='ltr'><strong>ponantur,</strong></span> <span class='ocrx_word' id='word_1_73' title='bbox 1443 1221 1509 1306; x_wconf 93' lang='lat' dir='ltr'><strong>qui·</strong></span> 
     </span>
     <span class='ocr_line' id='line_1_10' title="bbox 331 1327 1509 1416; baseline -0.009 -17"><span class='ocrx_word' id='word_1_74' title='bbox 331 1352 464 1416; x_wconf 91' lang='lat' dir='ltr'><strong>eumque</strong></span> <span class='ocrx_word' id='word_1_75' title='bbox 498 1349 624 1396; x_wconf 86' lang='lat' dir='ltr'><strong>carmen</strong></span> <span class='ocrx_word' id='word_1_76' title='bbox 662 1329 785 1413; x_wconf 90' lang='lat' dir='ltr'><strong>epicum</strong></span> <span class='ocrx_word' id='word_1_77' title='bbox 822 1330 873 1395; x_wconf 87' lang='lat' dir='ltr'>vel</span> <span class='ocrx_word' id='word_1_78' title='bbox 906 1329 1080 1412; x_wconf 88' lang='lat' dir='ltr'><strong>elegiacum</strong></span> <span class='ocrx_word' id='word_1_79' title='bbox 1112 1327 1296 1413; x_wconf 84' lang='lat' dir='ltr'><strong>inspexerit,</strong></span> <span class='ocrx_word' id='word_1_80' title='bbox 1330 1329 1509 1408; x_wconf 83' lang='lat' dir='ltr'><strong>cognoscet.</strong></span> 
     </span>
     <span class='ocr_line' id='line_1_11' title="bbox 330 1426 1510 1518; baseline -0.009 -20"><span class='ocrx_word' id='word_1_81' title='bbox 330 1434 424 1518; x_wconf 82' lang='lat' dir='ltr'><strong>Apud</strong></span> <span class='ocrx_word' id='word_1_82' title='bbox 438 1432 595 1509; x_wconf 87' lang='lat' dir='ltr'><strong>Ovidium,</strong></span> <span class='ocrx_word' id='word_1_83' title='bbox 616 1430 670 1496; x_wconf 89' lang='lat' dir='ltr'><strong>ubi</strong></span> <span class='ocrx_word' id='word_1_84' title='bbox 687 1431 757 1515; x_wconf 91' lang='lat' dir='ltr'><strong>plus</strong></span> <span class='ocrx_word' id='word_1_85' title='bbox 771 1431 1001 1514; x_wconf 83' lang='lat' dir='ltr'><strong>quinquaginta</strong></span> <span class='ocrx_word' id='word_1_86' title='bbox 1015 1429 1095 1496; x_wconf 88' lang='lat' dir='ltr'><strong>lucis</strong></span> <span class='ocrx_word' id='word_1_87' title='bbox 1116 1429 1256 1513; x_wconf 86' lang='lat' dir='ltr'><strong>,gandia‘</strong></span> <span class='ocrx_word' id='word_1_88' title='bbox 1278 1426 1430 1510; x_wconf 89' lang='lat' dir='ltr'><strong>seriptum</strong></span> <span class='ocrx_word' id='word_1_89' title='bbox 1452 1430 1510 1504; x_wconf 92' lang='grc'>551,</span> 
     </span>
     <span class='ocr_line' id='line_1_12' title="bbox 331 1530 1511 1619; baseline -0.008 -20"><span class='ocrx_word' id='word_1_90' title='bbox 331 1533 521 1619; x_wconf 87' lang='lat' dir='ltr'><strong>,gaudium‘,</strong></span> <span class='ocrx_word' id='word_1_91' title='bbox 551 1531 578 1596; x_wconf 93' lang='lat' dir='ltr'><strong>si</strong></span> <span class='ocrx_word' id='word_1_92' title='bbox 599 1531 665 1596; x_wconf 92' lang='lat' dir='ltr'><strong>ulla</strong></span> <span class='ocrx_word' id='word_1_93' title='bbox 687 1538 736 1597; x_wconf 91' lang='lat' dir='ltr'>est</span> <span class='ocrx_word' id='word_1_94' title='bbox 757 1531 906 1595; x_wconf 89' lang='lat' dir='ltr'><strong>Burmani</strong></span> <span class='ocrx_word' id='word_1_95' title='bbox 928 1531 1024 1596; x_wconf 91' lang='lat' dir='ltr'><strong>indiei</strong></span> <span class='ocrx_word' id='word_1_96' title='bbox 1046 1530 1136 1611; x_wconf 89' lang='lat' dir='ltr'><strong>fides,</strong></span> <span class='ocrx_word' id='word_1_97' title='bbox 1158 1548 1324 1611; x_wconf 88' lang='lat' dir='ltr'><strong>nusquam,</strong></span> <span class='ocrx_word' id='word_1_98' title='bbox 1346 1546 1409 1595; x_wconf 90' lang='grc'>555</span> <span class='ocrx_word' id='word_1_99' title='bbox 1430 1545 1511 1591; x_wconf 88' lang='grc'>555-</span> 
     </span>
     <span class='ocr_line' id='line_1_13' title="bbox 331 1626 1511 1721; baseline -0.008 -21"><span class='ocrx_word' id='word_1_100' title='bbox 331 1654 388 1721; x_wconf 90' lang='lat' dir='ltr'>per</span> <span class='ocrx_word' id='word_1_101' title='bbox 416 1652 511 1700; x_wconf 89' lang='lat' dir='ltr'><strong>sensu</strong></span> <span class='ocrx_word' id='word_1_102' title='bbox 539 1632 695 1715; x_wconf 86' lang='lat' dir='ltr'><strong>pluralem</strong></span> <span class='ocrx_word' id='word_1_103' title='bbox 728 1632 812 1715; x_wconf 83' lang='lat' dir='ltr'><strong>exigi</strong></span> <span class='ocrx_word' id='word_1_104' title='bbox 844 1638 996 1717; x_wconf 89' lang='lat' dir='ltr'><strong>apparet,</strong></span> <span class='ocrx_word' id='word_1_105' title='bbox 1029 1633 1115 1698; x_wconf 88' lang='lat' dir='ltr'><strong>velut</strong></span> <span class='ocrx_word' id='word_1_106' title='bbox 1146 1631 1208 1695; x_wconf 90' lang='grc'>555</span> <span class='ocrx_word' id='word_1_107' title='bbox 1235 1631 1306 1695; x_wconf 92' lang='grc'>1555</span> <span class='ocrx_word' id='word_1_108' title='bbox 1328 1626 1511 1712; x_wconf 89' lang='lat' dir='ltr'><strong>singularis,</strong></span> 
     </span>
     <span class='ocr_line' id='line_1_14' title="bbox 332 1726 1512 1815; baseline -0.009 -13"><span class='ocrx_word' id='word_1_109' title='bbox 332 1742 432 1802; x_wconf 86' lang='lat' dir='ltr'><strong>metro</strong></span> <span class='ocrx_word' id='word_1_110' title='bbox 453 1753 517 1799; x_wconf 89' lang='grc'>555</span> <span class='ocrx_word' id='word_1_111' title='bbox 537 1738 684 1815; x_wconf 85' lang='lat' dir='ltr'><strong>urgente,</strong></span> <span class='ocrx_word' id='word_1_112' title='bbox 706 1733 787 1798; x_wconf 91' lang='lat' dir='ltr'><strong>bene</strong></span> <span class='ocrx_word' id='word_1_113' title='bbox 809 1754 843 1797; x_wconf 92' lang='lat' dir='ltr'>se</span> <span class='ocrx_word' id='word_1_114' title='bbox 864 1732 1010 1799; x_wconf 86' lang='lat' dir='ltr'><strong>baberet:</strong></span> <span class='ocrx_word' id='word_1_115' title='bbox 1032 1739 1106 1800; x_wconf 83' lang='lat' dir='ltr'><strong>met.</strong></span> <span class='ocrx_word' id='word_1_116' title='bbox 1127 1732 1159 1813; x_wconf 92' lang='grc'>8,</span> <span class='ocrx_word' id='word_1_117' title='bbox 1179 1731 1255 1798; x_wconf 67' lang='grc'>2365</span> <span class='ocrx_word' id='word_1_118' title='bbox 1282 1730 1385 1813; x_wconf 89' lang='lat' dir='ltr'><strong>,Hune</strong></span> <span class='ocrx_word' id='word_1_119' title='bbox 1405 1726 1512 1793; x_wconf 89' lang='lat' dir='ltr'><strong>miseri</strong></span> 
     </span>
     <span class='ocr_line' id='line_1_15' title="bbox 332 1831 1511 1918; baseline -0.006 -17"><span class='ocrx_word' id='word_1_120' title='bbox 332 1836 450 1901; x_wconf 88' lang='lat' dir='ltr'><strong>tumulo</strong></span> <span class='ocrx_word' id='word_1_121' title='bbox 478 1839 646 1918; x_wconf 88' lang='lat' dir='ltr'><strong>ponentem</strong></span> <span class='ocrx_word' id='word_1_122' title='bbox 674 1852 808 1918; x_wconf 86' lang='lat' dir='ltr'><strong>corpora</strong></span> <span class='ocrx_word' id='word_1_123' title='bbox 834 1833 900 1898; x_wconf 87' lang='lat' dir='ltr'><strong>nati</strong></span> <span class='ocrx_word' id='word_1_124' title='bbox 924 1833 1111 1915; x_wconf 79' lang='grc'>(55115551)</span> <span class='ocrx_word' id='word_1_125' title='bbox 1135 1831 1271 1897; x_wconf 81' lang='lat' dir='ltr'><strong>Garrnla</strong></span> <span class='ocrx_word' id='word_1_126' title='bbox 1293 1849 1421 1896; x_wconf 89' lang='lat' dir='ltr'><strong>ramosa</strong></span> <span class='ocrx_word' id='word_1_127' title='bbox 1441 1849 1511 1912; x_wconf 90' lang='lat' dir='ltr'><strong>pro·</strong></span> 
     </span>
     <span class='ocr_line' id='line_1_16' title="bbox 333 1932 1513 2020; baseline -0.007 -18"><span class='ocrx_word' id='word_1_128' title='bbox 333 1935 437 2020; x_wconf 88' lang='lat' dir='ltr'><strong>spexit</strong></span> <span class='ocrx_word' id='word_1_129' title='bbox 458 1935 500 1999; x_wconf 92' lang='lat' dir='ltr'>ab</span> <span class='ocrx_word' id='word_1_130' title='bbox 521 1933 594 1999; x_wconf 89' lang='lat' dir='ltr'><strong>ilice</strong></span> <span class='ocrx_word' id='word_1_131' title='bbox 614 1933 736 2018; x_wconf 86' lang='lat' dir='ltr'><strong>perdix.</strong></span> <span class='ocrx_word' id='word_1_132' title='bbox 780 1932 1405 2019; x_wconf 76' lang='grc'>11151555115555151551515555555515</span> <span class='ocrx_word' id='word_1_133' title='bbox 1417 1936 1513 1996; x_wconf 89' lang='lat' dir='ltr'><strong>eantu</strong></span> 
     </span>
     <span class='ocr_line' id='line_1_17' title="bbox 332 2033 1236 2119; baseline -0.008 -15"><span class='ocrx_word' id='word_1_134' title='bbox 332 2041 402 2115; x_wconf 87' lang='lat' dir='ltr'><strong>est‘,</strong></span> <span class='ocrx_word' id='word_1_135' title='bbox 424 2036 507 2101; x_wconf 91' lang='lat' dir='ltr'><strong>adde</strong></span> <span class='ocrx_word' id='word_1_136' title='bbox 528 2042 601 2099; x_wconf 88' lang='lat' dir='ltr'><strong>met.</strong></span> <span class='ocrx_word' id='word_1_137' title='bbox 626 2035 674 2116; x_wconf 85' lang='lat'>12,</span> <span class='ocrx_word' id='word_1_138' title='bbox 696 2035 774 2115; x_wconf 72' lang='lat'>2853</span> <span class='ocrx_word' id='word_1_139' title='bbox 802 2033 1003 2119; x_wconf 74' lang='lat' dir='ltr'><strong>Calpurni,</strong></span> <span class='ocrx_word' id='word_1_140' title='bbox 1026 2035 1074 2117; x_wconf 94' lang='grc'>16,</span> <span class='ocrx_word' id='word_1_141' title='bbox 1098 2034 1236 2119; x_wconf 89' lang='grc'>5555155.</span> 
     </span>
    </p>

    <p class='ocr_par' dir='ltr' id='par_1_3' title="bbox 412 2130 1511 2221">
     <span class='ocr_line' id='line_1_18' title="bbox 412 2130 1511 2221; baseline -0.008 -18"><span class='ocrx_word' id='word_1_142' title='bbox 412 2138 618 2219; x_wconf 85' lang='lat' dir='ltr'><strong>Plerumque,</strong></span> <span class='ocrx_word' id='word_1_143' title='bbox 647 2136 816 2221; x_wconf 91' lang='lat' dir='ltr'><strong>praecipue</strong></span> <span class='ocrx_word' id='word_1_144' title='bbox 837 2135 922 2220; x_wconf 90' lang='lat' dir='ltr'><strong>apud</strong></span> <span class='ocrx_word' id='word_1_145' title='bbox 945 2135 1109 2213; x_wconf 88' lang='lat' dir='ltr'><strong>Ovidium,</strong></span> <span class='ocrx_word' id='word_1_146' title='bbox 1132 2135 1193 2200; x_wconf 92' lang='grc'>555</span> <span class='ocrx_word' id='word_1_147' title='bbox 1212 2132 1369 2200; x_wconf 82' lang='lat' dir='ltr'><strong>vocabulo</strong></span> <span class='ocrx_word' id='word_1_148' title='bbox 1390 2131 1424 2196; x_wconf 95' lang='lat' dir='ltr'><strong>id</strong></span> <span class='ocrx_word' id='word_1_149' title='bbox 1446 2130 1511 2213; x_wconf 86' lang='lat' dir='ltr'><strong>sig·</strong></span> 
     </span>
    </p>
   </div>
   <div class='ocr_carea' id='block_1_3' title="bbox 257 2231 1515 2527">
    <p class='ocr_par' dir='ltr' id='par_1_4' title="bbox 257 2231 1515 2527">
     <span class='ocr_line' id='line_1_19' title="bbox 332 2231 1512 2321; baseline -0.009 -16"><span class='ocrx_word' id='word_1_150' title='bbox 332 2239 485 2318; x_wconf 87' lang='lat' dir='ltr'><strong>nificatur,</strong></span> <span class='ocrx_word' id='word_1_151' title='bbox 510 2237 595 2321; x_wconf 89' lang='lat' dir='ltr'><strong>qued</strong></span> <span class='ocrx_word' id='word_1_152' title='bbox 616 2237 671 2302; x_wconf 94' lang='lat' dir='ltr'><strong>ille</strong></span> <span class='ocrx_word' id='word_1_153' title='bbox 692 2244 750 2301; x_wconf 87' lang='lat' dir='ltr'><strong>art.</strong></span> <span class='ocrx_word' id='word_1_154' title='bbox 773 2256 835 2303; x_wconf 89' lang='lat' dir='ltr'>am.</span> <span class='ocrx_word' id='word_1_155' title='bbox 857 2238 887 2319; x_wconf 87' lang='grc'>2,</span> <span class='ocrx_word' id='word_1_156' title='bbox 908 2239 971 2306; x_wconf 87' lang='grc'>459</span> <span class='ocrx_word' id='word_1_157' title='bbox 992 2245 1024 2303; x_wconf 90' lang='grc'>51</span> <span class='ocrx_word' id='word_1_158' title='bbox 1040 2238 1070 2319; x_wconf 84' lang='grc'>3,</span> <span class='ocrx_word' id='word_1_159' title='bbox 1086 2235 1283 2321; x_wconf 76' lang='grc'>8055555115</span> <span class='ocrx_word' id='word_1_160' title='bbox 1300 2231 1512 2313; x_wconf 71' lang='grc'>1555555-</span> 
     </span>
     <span class='ocr_line' id='line_1_20' title="bbox 257 2330 1515 2423; baseline -0.01 -15"><span class='ocrx_word' id='word_1_161' title='bbox 257 2342 260 2348; x_wconf 83' lang='lat'>&#39;</span> <span class='ocrx_word' id='word_1_162' title='bbox 332 2341 447 2407; x_wconf 89' lang='lat' dir='ltr'><strong>cretius</strong></span> <span class='ocrx_word' id='word_1_163' title='bbox 466 2341 497 2422; x_wconf 84' lang='lat'>4,</span> <span class='ocrx_word' id='word_1_164' title='bbox 520 2338 601 2406; x_wconf 87' lang='grc'>1106</span> <span class='ocrx_word' id='word_1_165' title='bbox 623 2341 739 2403; x_wconf 79' lang='lat' dir='ltr'><strong>umoris</strong></span> <span class='ocrx_word' id='word_1_166' title='bbox 757 2338 879 2423; x_wconf 75' lang='lat' dir='ltr'><strong>paedia</strong></span> <span class='ocrx_word' id='word_1_167' title='bbox 900 2338 990 2418; x_wconf 90' lang='lat' dir='ltr'><strong>dixit,</strong></span> <span class='ocrx_word' id='word_1_168' title='bbox 1012 2339 1068 2423; x_wconf 84' lang='grc'>(51.</span> <span class='ocrx_word' id='word_1_169' title='bbox 1090 2337 1161 2402; x_wconf 87' lang='lat' dir='ltr'><strong>Tib.</strong></span> <span class='ocrx_word' id='word_1_170' title='bbox 1182 2337 1213 2417; x_wconf 86' lang='grc'>2,</span> <span class='ocrx_word' id='word_1_171' title='bbox 1235 2339 1263 2418; x_wconf 90' lang='grc'>1,</span> <span class='ocrx_word' id='word_1_172' title='bbox 1285 2335 1335 2401; x_wconf 86' lang='grc'>12.</span> <span class='ocrx_word' id='word_1_173' title='bbox 1362 2331 1432 2416; x_wconf 83' lang='grc'>,(151</span> <span class='ocrx_word' id='word_1_174' title='bbox 1444 2330 1515 2398; x_wconf 88' lang='grc'>15111</span> 
     </span>
     <span class='ocr_line' id='line_1_21' title="bbox 331 2435 1513 2527; baseline -0.008 -20"><span class='ocrx_word' id='word_1_175' title='bbox 331 2443 481 2508; x_wconf 89' lang='lat' dir='ltr'><strong>besterna</strong></span> <span class='ocrx_word' id='word_1_176' title='bbox 499 2440 620 2527; x_wconf 79' lang='lat' dir='ltr'><strong>paedia</strong></span> <span class='ocrx_word' id='word_1_177' title='bbox 642 2448 732 2505; x_wconf 91' lang='grc'>55515</span> <span class='ocrx_word' id='word_1_178' title='bbox 752 2437 885 2517; x_wconf 74' lang='lat' dir='ltr'><strong>Venus‘l</strong></span> <span class='ocrx_word' id='word_1_179' title='bbox 908 2458 1016 2523; x_wconf 89' lang='lat' dir='ltr'><strong>saepe,</strong></span> <span class='ocrx_word' id='word_1_180' title='bbox 1038 2444 1072 2505; x_wconf 93' lang='grc'>51</span> <span class='ocrx_word' id='word_1_181' title='bbox 1093 2438 1154 2503; x_wconf 91' lang='grc'>555</span> <span class='ocrx_word' id='word_1_182' title='bbox 1165 2435 1302 2502; x_wconf 87' lang='lat' dir='ltr'><strong>Lucretii</strong></span> <span class='ocrx_word' id='word_1_183' title='bbox 1315 2437 1396 2516; x_wconf 91' lang='grc'>1555,</span> <span class='ocrx_word' id='word_1_184' title='bbox 1418 2452 1513 2500; x_wconf 89' lang='grc'>5555-</span> 
     </span>
    </p>
   </div>
   <div class='ocr_carea' id='block_1_4' title="bbox 297 2535 1515 4036">
    <p class='ocr_par' dir='ltr' id='par_1_5' title="bbox 297 2535 1515 4036">
     <span class='ocr_line' id='line_1_22' title="bbox 332 2535 1513 2624; baseline -0.006 -17"><span class='ocrx_word' id='word_1_185' title='bbox 332 2543 426 2608; x_wconf 88' lang='grc'>5155.</span> <span class='ocrx_word' id='word_1_186' title='bbox 455 2540 531 2623; x_wconf 89' lang='lat' dir='ltr'><strong>Ipsa</strong></span> <span class='ocrx_word' id='word_1_187' title='bbox 554 2558 678 2623; x_wconf 92' lang='lat' dir='ltr'><strong>quoque</strong></span> <span class='ocrx_word' id='word_1_188' title='bbox 695 2539 804 2624; x_wconf 89' lang='lat' dir='ltr'><strong>puella</strong></span> <span class='ocrx_word' id='word_1_189' title='bbox 826 2538 890 2624; x_wconf 88' lang='lat' dir='ltr'><strong>(vel</strong></span> <span class='ocrx_word' id='word_1_190' title='bbox 906 2539 1093 2607; x_wconf 88' lang='lat' dir='ltr'><strong>adolescens</strong></span> <span class='ocrx_word' id='word_1_191' title='bbox 1108 2539 1256 2620; x_wconf 86' lang='lat' dir='ltr'><strong>amatus),</strong></span> <span class='ocrx_word' id='word_1_192' title='bbox 1279 2537 1311 2602; x_wconf 92' lang='lat' dir='ltr'><strong>in</strong></span> <span class='ocrx_word' id='word_1_193' title='bbox 1327 2556 1390 2620; x_wconf 90' lang='lat' dir='ltr'>qua</span> <span class='ocrx_word' id='word_1_194' title='bbox 1406 2535 1513 2623; x_wconf 85' lang='lat' dir='ltr'><strong>cmpia</strong></span> 
     </span>
     <span class='ocr_line' id='line_1_23' title="bbox 333 2638 1512 2724; baseline -0.005 -17"><span class='ocrx_word' id='word_1_195' title='bbox 333 2641 469 2707; x_wconf 90' lang='lat' dir='ltr'><strong>amantis</strong></span> <span class='ocrx_word' id='word_1_196' title='bbox 491 2640 611 2724; x_wconf 86' lang='lat' dir='ltr'><strong>gaudia</strong></span> <span class='ocrx_word' id='word_1_197' title='bbox 632 2641 838 2722; x_wconf 84' lang='lat' dir='ltr'><strong>eontinentur,</strong></span> <span class='ocrx_word' id='word_1_198' title='bbox 862 2640 1041 2724; x_wconf 87' lang='lat' dir='ltr'><strong>frequenter</strong></span> <span class='ocrx_word' id='word_1_199' title='bbox 1062 2642 1123 2708; x_wconf 90' lang='grc'>555</span> <span class='ocrx_word' id='word_1_200' title='bbox 1143 2640 1300 2708; x_wconf 88' lang='lat' dir='ltr'><strong>vocabule</strong></span> <span class='ocrx_word' id='word_1_201' title='bbox 1322 2638 1512 2723; x_wconf 88' lang='lat' dir='ltr'><strong>appellatur,</strong></span> 
     </span>
     <span class='ocr_line' id='line_1_24' title="bbox 333 2739 1513 2828; baseline -0.005 -21"><span class='ocrx_word' id='word_1_202' title='bbox 333 2749 367 2807; x_wconf 92' lang='lat' dir='ltr'><strong>ut</strong></span> <span class='ocrx_word' id='word_1_203' title='bbox 388 2742 447 2808; x_wconf 89' lang='lat' dir='ltr'>Ov.</span> <span class='ocrx_word' id='word_1_204' title='bbox 469 2741 589 2807; x_wconf 87' lang='lat' dir='ltr'><strong>heroid.</strong></span> <span class='ocrx_word' id='word_1_205' title='bbox 614 2743 654 2809; x_wconf 88' lang='grc'>18</span> <span class='ocrx_word' id='word_1_206' title='bbox 676 2761 704 2805; x_wconf 86' lang='lat' dir='ltr'>v.</span> <span class='ocrx_word' id='word_1_207' title='bbox 717 2741 757 2806; x_wconf 77' lang='lat'>41</span> <span class='ocrx_word' id='word_1_208' title='bbox 781 2741 1021 2828; x_wconf 65' lang='grc'>,5555555151</span> <span class='ocrx_word' id='word_1_209' title='bbox 1044 2742 1139 2826; x_wconf 91' lang='lat' dir='ltr'><strong>Verg.</strong></span> <span class='ocrx_word' id='word_1_210' title='bbox 1162 2746 1239 2808; x_wconf 84' lang='lat' dir='ltr'><strong>Aen.</strong></span> <span class='ocrx_word' id='word_1_211' title='bbox 1264 2740 1313 2821; x_wconf 89' lang='grc'>10,</span> <span class='ocrx_word' id='word_1_212' title='bbox 1336 2739 1397 2807; x_wconf 86' lang='grc'>325</span> <span class='ocrx_word' id='word_1_213' title='bbox 1417 2757 1513 2821; x_wconf 86' lang='lat' dir='ltr'><strong>,nova</strong></span> 
     </span>
     <span class='ocr_line' id='line_1_25' title="bbox 332 2840 1514 2929; baseline -0.003 -22"><span class='ocrx_word' id='word_1_214' title='bbox 332 2843 473 2929; x_wconf 82' lang='lat' dir='ltr'><strong>paudiu‘,</strong></span> <span class='ocrx_word' id='word_1_215' title='bbox 503 2841 870 2927; x_wconf 70' lang='grc'>85611555555115555</span> <span class='ocrx_word' id='word_1_216' title='bbox 892 2845 921 2924; x_wconf 88' lang='lat'>1,</span> <span class='ocrx_word' id='word_1_217' title='bbox 943 2842 1003 2910; x_wconf 90' lang='grc'>261</span> <span class='ocrx_word' id='word_1_218' title='bbox 1035 2843 1197 2927; x_wconf 81' lang='lat' dir='ltr'><strong>,Agenorii</strong></span> <span class='ocrx_word' id='word_1_219' title='bbox 1225 2848 1371 2925; x_wconf 89' lang='lat' dir='ltr'><strong>rapturus</strong></span> <span class='ocrx_word' id='word_1_220' title='bbox 1390 2840 1514 2926; x_wconf 76' lang='lat' dir='ltr'><strong>paedia</strong></span> 
     </span>
     <span class='ocr_line' id='line_1_26' title="bbox 333 2941 1515 3026; baseline -0.003 -18"><span class='ocrx_word' id='word_1_221' title='bbox 333 2944 426 3025; x_wconf 86' lang='lat' dir='ltr'><strong>furti&#39;,</strong></span> <span class='ocrx_word' id='word_1_222' title='bbox 459 2943 625 3026; x_wconf 82' lang='lat' dir='ltr'><strong>,frequenti</strong></span> <span class='ocrx_word' id='word_1_223' title='bbox 653 2944 685 3007; x_wconf 94' lang='lat' dir='ltr'><strong>in</strong></span> <span class='ocrx_word' id='word_1_224' title='bbox 718 2963 753 3008; x_wconf 90' lang='lat' dir='ltr'>re</span> <span class='ocrx_word' id='word_1_225' title='bbox 786 2942 942 3008; x_wconf 86' lang='lat' dir='ltr'><strong>amatoria</strong></span> <span class='ocrx_word' id='word_1_226' title='bbox 980 2945 1162 3026; x_wconf 86' lang='lat' dir='ltr'><strong>vocabulu‘,</strong></span> <span class='ocrx_word' id='word_1_227' title='bbox 1200 2949 1234 3009; x_wconf 91' lang='grc'>51</span> <span class='ocrx_word' id='word_1_228' title='bbox 1265 2951 1350 3008; x_wconf 91' lang='lat' dir='ltr'><strong>reete</strong></span> <span class='ocrx_word' id='word_1_229' title='bbox 1382 2941 1515 3007; x_wconf 87' lang='lat' dir='ltr'><strong>adnutat</strong></span> 
     </span>
     <span class='ocr_line' id='line_1_27' title="bbox 334 3042 1513 3129; baseline -0.003 -20"><span class='ocrx_word' id='word_1_230' title='bbox 334 3044 498 3129; x_wconf 88' lang='lat' dir='ltr'><strong>Zumptius</strong></span> <span class='ocrx_word' id='word_1_231' title='bbox 520 3044 560 3109; x_wconf 89' lang='lat' dir='ltr'>ad</span> <span class='ocrx_word' id='word_1_232' title='bbox 582 3044 665 3110; x_wconf 92' lang='lat' dir='ltr'><strong>bunc</strong></span> <span class='ocrx_word' id='word_1_233' title='bbox 686 3046 799 3111; x_wconf 87' lang='lat' dir='ltr'><strong>lucum.</strong></span> <span class='ocrx_word' id='word_1_234' title='bbox 839 3043 898 3108; x_wconf 89' lang='lat' dir='ltr'><strong>His</strong></span> <span class='ocrx_word' id='word_1_235' title='bbox 919 3044 998 3110; x_wconf 90' lang='grc'>15515</span> <span class='ocrx_word' id='word_1_236' title='bbox 1020 3045 1177 3129; x_wconf 88' lang='lat' dir='ltr'><strong>plurative</strong></span> <span class='ocrx_word' id='word_1_237' title='bbox 1199 3063 1328 3109; x_wconf 89' lang='lat' dir='ltr'><strong>numere</strong></span> <span class='ocrx_word' id='word_1_238' title='bbox 1349 3042 1513 3128; x_wconf 84' lang='lat' dir='ltr'><strong>propriam</strong></span> 
     </span>
     <span class='ocr_line' id='line_1_28' title="bbox 334 3143 1512 3230; baseline -0.003 -19"><span class='ocrx_word' id='word_1_239' title='bbox 334 3144 467 3230; x_wconf 90' lang='lat' dir='ltr'><strong>exprimi</strong></span> <span class='ocrx_word' id='word_1_240' title='bbox 488 3146 686 3227; x_wconf 91' lang='lat' dir='ltr'><strong>sententiam,</strong></span> <span class='ocrx_word' id='word_1_241' title='bbox 706 3146 834 3211; x_wconf 91' lang='lat' dir='ltr'><strong>minime</strong></span> <span class='ocrx_word' id='word_1_242' title='bbox 856 3164 953 3229; x_wconf 87' lang='lat' dir='ltr'><strong>negn;</strong></span> <span class='ocrx_word' id='word_1_243' title='bbox 986 3146 1043 3211; x_wconf 88' lang='lat' dir='ltr'>sed</span> <span class='ocrx_word' id='word_1_244' title='bbox 1065 3145 1238 3211; x_wconf 86' lang='lat' dir='ltr'><strong>notandum</strong></span> <span class='ocrx_word' id='word_1_245' title='bbox 1260 3150 1322 3225; x_wconf 92' lang='lat' dir='ltr'><strong>est,</strong></span> <span class='ocrx_word' id='word_1_246' title='bbox 1345 3143 1512 3209; x_wconf 80' lang='grc'>5515555-</span> 
     </span>
     <span class='ocr_line' id='line_1_29' title="bbox 334 3245 1512 3332; baseline -0.003 -20"><span class='ocrx_word' id='word_1_247' title='bbox 334 3246 438 3312; x_wconf 90' lang='lat' dir='ltr'><strong>eabuli</strong></span> <span class='ocrx_word' id='word_1_248' title='bbox 459 3245 610 3313; x_wconf 89' lang='lat' dir='ltr'><strong>abstracti</strong></span> <span class='ocrx_word' id='word_1_249' title='bbox 630 3247 795 3332; x_wconf 88' lang='lat' dir='ltr'><strong>pluralem,</strong></span> <span class='ocrx_word' id='word_1_250' title='bbox 817 3246 849 3310; x_wconf 91' lang='lat' dir='ltr'><strong>in</strong></span> <span class='ocrx_word' id='word_1_251' title='bbox 866 3246 1009 3313; x_wconf 86' lang='lat' dir='ltr'><strong>eratione</strong></span> <span class='ocrx_word' id='word_1_252' title='bbox 1024 3248 1128 3314; x_wconf 92' lang='grc'>551515</span> <span class='ocrx_word' id='word_1_253' title='bbox 1145 3246 1306 3312; x_wconf 86' lang='lat' dir='ltr'><strong>rarissime</strong></span> <span class='ocrx_word' id='word_1_254' title='bbox 1318 3251 1512 3330; x_wconf 91' lang='lat' dir='ltr'><strong>usurpatum,</strong></span> 
     </span>
     <span class='ocr_line' id='line_1_30' title="bbox 329 3342 1512 3433; baseline -0.003 -20"><span class='ocrx_word' id='word_1_255' title='bbox 329 3347 420 3433; x_wconf 88' lang='lat' dir='ltr'><strong>apud</strong></span> <span class='ocrx_word' id='word_1_256' title='bbox 441 3354 553 3432; x_wconf 90' lang='grc'>555155</span> <span class='ocrx_word' id='word_1_257' title='bbox 575 3347 762 3431; x_wconf 88' lang='lat' dir='ltr'><strong>saepissime</strong></span> <span class='ocrx_word' id='word_1_258' title='bbox 783 3347 925 3429; x_wconf 86' lang='lat' dir='ltr'><strong>reperiri.</strong></span> <span class='ocrx_word' id='word_1_259' title='bbox 971 3348 1018 3413; x_wconf 90' lang='lat' dir='ltr'>De</span> <span class='ocrx_word' id='word_1_260' title='bbox 1051 3347 1206 3413; x_wconf 89' lang='lat' dir='ltr'><strong>vocabulo</strong></span> <span class='ocrx_word' id='word_1_261' title='bbox 1237 3349 1395 3429; x_wconf 86' lang='lat' dir='ltr'><strong>,amores‘,</strong></span> <span class='ocrx_word' id='word_1_262' title='bbox 1428 3342 1512 3427; x_wconf 88' lang='lat' dir='ltr'><strong>qued</strong></span> 
     </span>
     <span class='ocr_line' id='line_1_31' title="bbox 335 3445 1513 3532; baseline -0.005 -18"><span class='ocrx_word' id='word_1_263' title='bbox 335 3448 446 3514; x_wconf 88' lang='lat' dir='ltr'><strong>eudem</strong></span> <span class='ocrx_word' id='word_1_264' title='bbox 469 3467 563 3513; x_wconf 89' lang='lat' dir='ltr'><strong>sensu</strong></span> <span class='ocrx_word' id='word_1_265' title='bbox 586 3445 773 3532; x_wconf 89' lang='lat' dir='ltr'><strong>saepissime</strong></span> <span class='ocrx_word' id='word_1_266' title='bbox 795 3447 920 3531; x_wconf 87' lang='lat' dir='ltr'><strong>legitur,</strong></span> <span class='ocrx_word' id='word_1_267' title='bbox 943 3449 984 3516; x_wconf 84' lang='grc'>51.</span> <span class='ocrx_word' id='word_1_268' title='bbox 1008 3449 1043 3514; x_wconf 84' lang='lat' dir='ltr'>C.</span> <span class='ocrx_word' id='word_1_269' title='bbox 1065 3451 1099 3517; x_wconf 81' lang='lat' dir='ltr'>F.</span> <span class='ocrx_word' id='word_1_270' title='bbox 1112 3448 1225 3524; x_wconf 88' lang='lat' dir='ltr'><strong>Jacob,</strong></span> <span class='ocrx_word' id='word_1_271' title='bbox 1247 3448 1295 3513; x_wconf 92' lang='lat' dir='ltr'>De</span> <span class='ocrx_word' id='word_1_272' title='bbox 1318 3465 1376 3512; x_wconf 93' lang='grc'>555</span> <span class='ocrx_word' id='word_1_273' title='bbox 1392 3445 1513 3512; x_wconf 89' lang='lat' dir='ltr'><strong>numeri</strong></span> 
     </span>
     <span class='ocr_line' id='line_1_32' title="bbox 334 3545 1513 3634; baseline -0.003 -20"><span class='ocrx_word' id='word_1_274' title='bbox 334 3547 466 3634; x_wconf 90' lang='lat' dir='ltr'><strong>pluralis</strong></span> <span class='ocrx_word' id='word_1_275' title='bbox 495 3545 581 3631; x_wconf 90' lang='lat' dir='ltr'><strong>apud</strong></span> <span class='ocrx_word' id='word_1_276' title='bbox 611 3554 724 3631; x_wconf 89' lang='lat' dir='ltr'><strong>poetas</strong></span> <span class='ocrx_word' id='word_1_277' title='bbox 752 3547 882 3613; x_wconf 84' lang='lat' dir='ltr'><strong>Latinos</strong></span> <span class='ocrx_word' id='word_1_278' title='bbox 904 3550 1030 3632; x_wconf 78' lang='lat' dir='ltr'><strong>(Prugr.</strong></span> <span class='ocrx_word' id='word_1_279' title='bbox 1052 3548 1183 3614; x_wconf 86' lang='lat' dir='ltr'><strong>scholae</strong></span> <span class='ocrx_word' id='word_1_280' title='bbox 1205 3547 1414 3615; x_wconf 87' lang='lat' dir='ltr'><strong>Provincialis</strong></span> <span class='ocrx_word' id='word_1_281' title='bbox 1437 3547 1513 3612; x_wconf 89' lang='lat' dir='ltr'><strong>Pcr-</strong></span> 
     </span>
     <span class='ocr_line' id='line_1_33' title="bbox 334 3647 1514 3734; baseline -0.003 -19"><span class='ocrx_word' id='word_1_282' title='bbox 334 3648 443 3715; x_wconf 89' lang='lat' dir='ltr'><strong>tensis.</strong></span> <span class='ocrx_word' id='word_1_283' title='bbox 476 3647 654 3732; x_wconf 90' lang='lat' dir='ltr'><strong>Numburgi</strong></span> <span class='ocrx_word' id='word_1_284' title='bbox 679 3648 783 3734; x_wconf 84' lang='grc'>1841.)</span> <span class='ocrx_word' id='word_1_285' title='bbox 805 3664 879 3734; x_wconf 87' lang='lat' dir='ltr'><strong>pag.</strong></span> <span class='ocrx_word' id='word_1_286' title='bbox 900 3650 921 3717; x_wconf 83' lang='grc'>9</span> <span class='ocrx_word' id='word_1_287' title='bbox 942 3656 973 3715; x_wconf 90' lang='grc'>51</span> <span class='ocrx_word' id='word_1_288' title='bbox 994 3650 1043 3733; x_wconf 90' lang='grc'>10,</span> <span class='ocrx_word' id='word_1_289' title='bbox 1065 3649 1117 3733; x_wconf 90' lang='grc'>551</span> <span class='ocrx_word' id='word_1_290' title='bbox 1140 3655 1257 3733; x_wconf 88' lang='grc'>15555,</span> <span class='ocrx_word' id='word_1_291' title='bbox 1279 3656 1398 3732; x_wconf 89' lang='grc'>555515</span> <span class='ocrx_word' id='word_1_292' title='bbox 1420 3648 1514 3715; x_wconf 88' lang='lat' dir='ltr'><strong>fuerit</strong></span> 
     </span>
     <span class='ocr_line' id='line_1_34' title="bbox 335 3747 1513 3831; baseline -0.002 -16"><span class='ocrx_word' id='word_1_293' title='bbox 335 3748 427 3815; x_wconf 90' lang='lat' dir='ltr'><strong>metri</strong></span> <span class='ocrx_word' id='word_1_294' title='bbox 448 3749 497 3814; x_wconf 87' lang='lat' dir='ltr'><strong>vis</strong></span> <span class='ocrx_word' id='word_1_295' title='bbox 520 3768 582 3813; x_wconf 91' lang='grc'>555</span> <span class='ocrx_word' id='word_1_296' title='bbox 603 3748 766 3831; x_wconf 91' lang='lat' dir='ltr'><strong>intellexit,</strong></span> <span class='ocrx_word' id='word_1_297' title='bbox 789 3769 859 3816; x_wconf 91' lang='lat' dir='ltr'>eum</span> <span class='ocrx_word' id='word_1_298' title='bbox 881 3750 922 3816; x_wconf 90' lang='lat' dir='ltr'>ob</span> <span class='ocrx_word' id='word_1_299' title='bbox 944 3751 1045 3816; x_wconf 90' lang='lat' dir='ltr'><strong>selam</strong></span> <span class='ocrx_word' id='word_1_300' title='bbox 1066 3750 1128 3816; x_wconf 91' lang='lat' dir='ltr'><strong>leci</strong></span> <span class='ocrx_word' id='word_1_301' title='bbox 1151 3752 1339 3816; x_wconf 88' lang='lat' dir='ltr'><strong>sententiam</strong></span> <span class='ocrx_word' id='word_1_302' title='bbox 1360 3747 1513 3817; x_wconf 87' lang='lat' dir='ltr'><strong>eiusmodi</strong></span> 
     </span>
     <span class='ocr_line' id='line_1_35' title="bbox 335 3848 1513 3936; baseline -0.001 -21"><span class='ocrx_word' id='word_1_303' title='bbox 335 3851 473 3935; x_wconf 88' lang='lat' dir='ltr'><strong>plurales</strong></span> <span class='ocrx_word' id='word_1_304' title='bbox 502 3848 623 3933; x_wconf 89' lang='grc'>5551155</span> <span class='ocrx_word' id='word_1_305' title='bbox 650 3870 721 3916; x_wconf 88' lang='grc'>5555</span> <span class='ocrx_word' id='word_1_306' title='bbox 747 3856 880 3936; x_wconf 90' lang='lat' dir='ltr'><strong>putaret.</strong></span> <span class='ocrx_word' id='word_1_307' title='bbox 923 3851 972 3916; x_wconf 91' lang='lat' dir='ltr'>De</span> <span class='ocrx_word' id='word_1_308' title='bbox 999 3870 1058 3916; x_wconf 89' lang='lat' dir='ltr'>usu</span> <span class='ocrx_word' id='word_1_309' title='bbox 1088 3851 1222 3936; x_wconf 87' lang='lat' dir='ltr'><strong>pluralis</strong></span> <span class='ocrx_word' id='word_1_310' title='bbox 1254 3850 1395 3934; x_wconf 86' lang='lat' dir='ltr'><strong>,gaudia‘</strong></span> <span class='ocrx_word' id='word_1_311' title='bbox 1427 3849 1513 3935; x_wconf 91' lang='lat' dir='ltr'><strong>apud</strong></span> 
     </span>
     <span class='ocr_line' id='line_1_36' title="bbox 297 3950 1512 4036; baseline -0.001 -21"><span class='ocrx_word' id='word_1_312' title='bbox 297 3950 299 3955; x_wconf 82' lang='grc'><strong>’</strong></span> <span class='ocrx_word' id='word_1_313' title='bbox 338 3956 459 4015; x_wconf 89' lang='lat' dir='ltr'><strong>veteres</strong></span> <span class='ocrx_word' id='word_1_314' title='bbox 499 3956 645 4016; x_wconf 87' lang='lat' dir='ltr'><strong>oratores</strong></span> <span class='ocrx_word' id='word_1_315' title='bbox 674 3952 848 4034; x_wconf 88' lang='lat' dir='ltr'><strong>Romanus,</strong></span> <span class='ocrx_word' id='word_1_316' title='bbox 895 3971 914 4016; x_wconf 91' lang='grc'>5</span> <span class='ocrx_word' id='word_1_317' title='bbox 947 3951 1061 4035; x_wconf 87' lang='grc'>551555</span> <span class='ocrx_word' id='word_1_318' title='bbox 1095 3971 1157 4018; x_wconf 90' lang='grc'>555</span> <span class='ocrx_word' id='word_1_319' title='bbox 1193 3959 1310 4017; x_wconf 91' lang='lat' dir='ltr'><strong>temere</strong></span> <span class='ocrx_word' id='word_1_320' title='bbox 1344 3951 1512 4036; x_wconf 88' lang='lat' dir='ltr'><strong>profertur,</strong></span> 
     </span>
    </p>
   </div>
   <div class='ocr_carea' id='block_1_5' title="bbox 336 4048 1620 4136">
    <p class='ocr_par' dir='ltr' id='par_1_6' title="bbox 336 4048 1620 4136">
     <span class='ocr_line' id='line_1_37' title="bbox 336 4048 1620 4136; baseline -0.001 -19"><span class='ocrx_word' id='word_1_321' title='bbox 336 4050 376 4117; x_wconf 86' lang='grc'>51.</span> <span class='ocrx_word' id='word_1_322' title='bbox 399 4048 534 4115; x_wconf 88' lang='lat' dir='ltr'><strong>Neuium</strong></span> <span class='ocrx_word' id='word_1_323' title='bbox 560 4051 685 4135; x_wconf 85' lang='grc'>5423.</span> <span class='ocrx_word' id='word_1_324' title='bbox 728 4051 841 4117; x_wconf 85' lang='lat' dir='ltr'><strong>Manen</strong></span> <span class='ocrx_word' id='word_1_325' title='bbox 863 4059 979 4133; x_wconf 90' lang='lat' dir='ltr'><strong>tamen,</strong></span> <span class='ocrx_word' id='word_1_326' title='bbox 1002 4051 1187 4118; x_wconf 76' lang='lat' dir='ltr'><strong>Ciceronem</strong></span> <span class='ocrx_word' id='word_1_327' title='bbox 1207 4052 1347 4136; x_wconf 79' lang='lat' dir='ltr'><strong>,gaudia‘</strong></span> <span class='ocrx_word' id='word_1_328' title='bbox 1368 4072 1436 4117; x_wconf 90' lang='lat' dir='ltr'>cum</span> <span class='ocrx_word' id='word_1_329' title='bbox 1458 4069 1511 4116; x_wconf 88' lang='lat' dir='ltr'>vc·</span> <span class='ocrx_word' id='word_1_330' title='bbox 1615 4064 1620 4071; x_wconf 87' lang='grc'><strong>’</strong></span> 
     </span>
    </p>
   </div>
   <div class='ocr_carea' id='block_1_6' title="bbox 335 4150 1513 4539">
    <p class='ocr_par' dir='ltr' id='par_1_7' title="bbox 335 4150 1513 4539">
     <span class='ocr_line' id='line_1_38' title="bbox 337 4150 1513 4238; baseline -0.001 -21"><span class='ocrx_word' id='word_1_331' title='bbox 337 4150 457 4217; x_wconf 89' lang='grc'>5555115</span> <span class='ocrx_word' id='word_1_332' title='bbox 479 4150 680 4233; x_wconf 88' lang='lat' dir='ltr'><strong>singulariter</strong></span> <span class='ocrx_word' id='word_1_333' title='bbox 701 4151 792 4217; x_wconf 90' lang='lat' dir='ltr'><strong>elatis</strong></span> <span class='ocrx_word' id='word_1_334' title='bbox 810 4152 964 4238; x_wconf 86' lang='lat' dir='ltr'><strong>jungere,</strong></span> <span class='ocrx_word' id='word_1_335' title='bbox 989 4173 1058 4218; x_wconf 90' lang='lat' dir='ltr'>cum</span> <span class='ocrx_word' id='word_1_336' title='bbox 1080 4153 1110 4217; x_wconf 93' lang='lat' dir='ltr'><strong>in</strong></span> <span class='ocrx_word' id='word_1_337' title='bbox 1133 4152 1236 4238; x_wconf 87' lang='lat' dir='ltr'><strong>prima</strong></span> <span class='ocrx_word' id='word_1_338' title='bbox 1258 4153 1400 4218; x_wconf 84' lang='lat' dir='ltr'><strong>eratione</strong></span> <span class='ocrx_word' id='word_1_339' title='bbox 1420 4150 1513 4217; x_wconf 82' lang='lat' dir='ltr'><strong>Catil.</strong></span> 
     </span>
     <span class='ocr_line' id='line_1_39' title="bbox 335 4250 1513 4339; baseline -0.002 -21"><span class='ocrx_word' id='word_1_340' title='bbox 335 4255 365 4334; x_wconf 62' lang='grc' dir='ltr'>ὅ.</span> <span class='ocrx_word' id='word_1_341' title='bbox 379 4251 420 4318; x_wconf 92' lang='grc'>26</span> <span class='ocrx_word' id='word_1_342' title='bbox 441 4250 611 4318; x_wconf 89' lang='lat' dir='ltr'><strong>exclamet:</strong></span> <span class='ocrx_word' id='word_1_343' title='bbox 644 4251 707 4333; x_wconf 91' lang='lat' dir='ltr'><strong>,bie</strong></span> <span class='ocrx_word' id='word_1_344' title='bbox 741 4260 774 4317; x_wconf 91' lang='lat' dir='ltr'><strong>tu</strong></span> <span class='ocrx_word' id='word_1_345' title='bbox 806 4274 870 4338; x_wconf 91' lang='lat' dir='ltr'>qua</span> <span class='ocrx_word' id='word_1_346' title='bbox 897 4253 1019 4319; x_wconf 91' lang='lat' dir='ltr'><strong>laetitia</strong></span> <span class='ocrx_word' id='word_1_347' title='bbox 1045 4254 1218 4339; x_wconf 87' lang='lat' dir='ltr'><strong>perfruere,</strong></span> <span class='ocrx_word' id='word_1_348' title='bbox 1253 4253 1366 4337; x_wconf 91' lang='lat' dir='ltr'><strong>quibus</strong></span> <span class='ocrx_word' id='word_1_349' title='bbox 1388 4252 1513 4337; x_wconf 79' lang='lat' dir='ltr'><strong>paudite</strong></span> 
     </span>
     <span class='ocr_line' id='line_1_40' title="bbox 337 4352 1512 4439; baseline 0.001 -21"><span class='ocrx_word' id='word_1_350' title='bbox 337 4352 527 4435; x_wconf 88' lang='lat' dir='ltr'><strong>exsultabis,</strong></span> <span class='ocrx_word' id='word_1_351' title='bbox 561 4359 679 4435; x_wconf 89' lang='lat' dir='ltr'><strong>quanta</strong></span> <span class='ocrx_word' id='word_1_352' title='bbox 705 4354 737 4418; x_wconf 92' lang='lat' dir='ltr'><strong>in</strong></span> <span class='ocrx_word' id='word_1_353' title='bbox 765 4355 928 4439; x_wconf 87' lang='lat' dir='ltr'><strong>veluptate</strong></span> <span class='ocrx_word' id='word_1_354' title='bbox 957 4354 1175 4437; x_wconf 88' lang='lat' dir='ltr'><strong>bacchabere‘,</strong></span> <span class='ocrx_word' id='word_1_355' title='bbox 1211 4361 1245 4419; x_wconf 92' lang='lat' dir='ltr'><strong>ut</strong></span> <span class='ocrx_word' id='word_1_356' title='bbox 1265 4355 1395 4420; x_wconf 86' lang='lat' dir='ltr'><strong>Plautus</strong></span> <span class='ocrx_word' id='word_1_357' title='bbox 1415 4354 1512 4419; x_wconf 85' lang='lat' dir='ltr'><strong>Pcen.</strong></span> 
     </span>
     <span class='ocr_line' id='line_1_41' title="bbox 337 4452 1513 4539; baseline -0.002 -19"><span class='ocrx_word' id='word_1_358' title='bbox 337 4454 367 4535; x_wconf 92' lang='grc'>5,</span> <span class='ocrx_word' id='word_1_359' title='bbox 387 4454 417 4537; x_wconf 86' lang='grc'>4,</span> <span class='ocrx_word' id='word_1_360' title='bbox 440 4453 500 4520; x_wconf 88' lang='grc'>105</span> <span class='ocrx_word' id='word_1_361' title='bbox 520 4453 663 4538; x_wconf 83' lang='lat' dir='ltr'><strong>scripsit:</strong></span> <span class='ocrx_word' id='word_1_362' title='bbox 684 4453 759 4538; x_wconf 91' lang='grc'>,555</span> <span class='ocrx_word' id='word_1_363' title='bbox 773 4454 897 4521; x_wconf 88' lang='grc'>15511115</span> <span class='ocrx_word' id='word_1_364' title='bbox 918 4461 1007 4521; x_wconf 86' lang='grc'>15515</span> <span class='ocrx_word' id='word_1_365' title='bbox 1028 4462 1061 4521; x_wconf 90' lang='grc'>51</span> <span class='ocrx_word' id='word_1_366' title='bbox 1080 4456 1177 4522; x_wconf 89' lang='grc'>155115</span> <span class='ocrx_word' id='word_1_367' title='bbox 1189 4476 1241 4521; x_wconf 89' lang='grc'>55</span> <span class='ocrx_word' id='word_1_368' title='bbox 1257 4452 1421 4522; x_wconf 88' lang='lat' dir='ltr'><strong>adfecistis</strong></span> <span class='ocrx_word' id='word_1_369' title='bbox 1435 4474 1513 4539; x_wconf 82' lang='lat' dir='ltr'><strong>peu-</strong></span> 
     </span>
    </p>
   </div>
   <div class='ocr_carea' id='block_1_7' title="bbox 0 0 1704 5146">
    <p class='ocr_par' dir='ltr' id='par_1_8' title="bbox 0 0 1704 5146">
     <span class='ocr_line' id='line_1_42' title="bbox 0 0 1704 5146; baseline 0 0"><span class='ocrx_word' id='word_1_370' title='bbox 0 0 1704 5146; x_wconf 95' lang='lat' dir='ltr'> </span> 
     </span>
    </p>
   </div>
  </div>
 </body>
</html>
