3388 5146
664 374 870 441 ..17-

179 553 311 621 eundem
334 551 458 635 legitur.
501 552 606 617 Valer.
629 507 735 619 Flauo.
757 555 787 636 2,
808 554 878 622 593.
902 557 973 624 607.
996 557 1025 640 3,
1048 557 1119 636 304,
1144 556 1285 644 saepius,
1307 559 1359 641 661

179 656 218 720 do
241 654 395 739 singulari
417 654 519 717 solum
541 653 721 737 genetivum
744 656 857 739 ‚regui‘
883 663 930 722 ter
952 659 1066 741 posuit,
1096 658 1213 724 Lucan.
1235 659 1265 740 2,
1288 659 1359 726 424.

178 757 249 838 563,
271 756 409 839 saepius,
432 754 485 836 qui
507 761 612 819 tamen
634 755 785 840 singulari
808 777 905 842 saepe
927 757 1032 824 utitur.
1061 765 1127 840 ,tua
1147 761 1258 843 regna‘
1281 760 1358 824 Dra-

180 858 354 938 66611668,
381 856 453 922 268.
482 855 558 937 533;
594 856 796 937 ,Francorum
826 859 937 942 regna‘
969 858 1144 924 Frodoardi
1179 880 1299 935 versus,
1320 861 1360 926 de

179 959 342 1024 Hadriano
364 956 464 1041 primo
487 976 582 1042 papa.

137 1066 139 1071 ’
267 1057 390 1123 Deinde
406 1057 523 1122 Ennius
546 1058 761 1143 oequdrd²l
785 1059 826 1123 ad
847 1079 934 1125 mare
955 1059 1197 1144 significandum
1213 1060 1244 1124 in
1263 1081 1359 1125 anna-

180 1161 255 1226 lium
279 1178 372 1224 versu
389 1158 451 1225 416
472 1157 617 1244 (Labitur
638 1166 733 1224 uncta
754 1160 863 1224 carina
885 1180 942 1243 per
963 1180 1103 1244 aequora
1125 1180 1206 1227 6666
1227 1162 1384 1245 oclooisl‘

181 1262 294 1347 posuit,
317 1266 350 1324 ut
372 1262 533 1340 ,aequora‘
556 1266 586 1324 et
608 1264 748 1342 ,aequor‘
771 1260 882 1325 eadem
897 1261 1053 1327 sententia
1067 1263 1151 1347 apud
1167 1262 1360 1346 posteriores

179 1370 301 1448 poetas,
326 1361 410 1424 velut
428 1358 601 1442 Vergilium
624 1359 678 1446 (cf.
699 1362 837 1444 exempli
855 1382 953 1428 causa
974 1367 1114 1447 ‚aequor‘
1136 1365 1215 1429 Α66.
1239 1367 1266 1444 1,
1290 1363 1360 1440 142,
1385 1398 1389 1406 -
1477 1362 1482 1369 ’

180 1465 342 1547 ,aequora‘
364 1462 433 1527 154.
458 1461 548 1543 164),
577 1460 756 1537 Lucanum,
779 1460 938 1527 Valerium
961 1463 1121 1544 Flaccum,
1143 1464 1229 1529 nullo
1251 1463 1360 1529 discri-

181 1565 264 1629 mine
278 1562 501 1643 intercedente,
524 1562 680 1645 leguntur.
725 1560 810 1626 8666
833 1563 964 1628 ablativi
988 1563 1159 1648 singularis
1181 1572 1213 1631 et
1229 1565 1361 1649 pluralis

182 1666 268 1730 nullo
292 1661 472 1728 discrimine
494 1668 659 1745 ponuntur,
688 1662 751 1742 1116,
779 1663 832 1746 661
855 1684 924 1731 oum
944 1672 1042 1730 metro
1065 1666 1182 1749 optime
1204 1666 1359 1745 convenit,

182 1763 379 1848 saepissime,
402 1761 453 1826 hio
475 1782 494 1826 6
518 1761 630 1827 ceteris
652 1763 755 1847 poetis
776 1783 861 1847 raro,
883 1766 1043 1831 aValerio
1060 1767 1177 1832 Flacco
1191 1785 1361 1849 nunquam.

182 1866 287 1950 Saepe
315 1862 389 1928 inde
417 1882 437 1926 6
464 1861 609 1926 Lucretio
639 1867 792 1947 ,66666τᾶ
814 1873 912 1948 ponti⁴
944 1866 1002 1951 (61.
1024 1868 1361 1954 accusasatum

181 1966 266 2050 apud
289 1964 475 2045 Homerum)
498 1964 590 2028 simul
612 1964 821 2046 proferuntur.
847 2004 850 2009 >
890 1976 893 1982 '

263 2067 362 2130 Porro
396 2064 428 2127 in
460 2063 624 2149 epitaphio
657 2065 854 2130 nobilissimo
881 2066 1000 2131 Ennius
1022 2075 1142 2133 monet:
1175 2067 1287 2151 ,Nemo
1310 2089 1360 2133 me
1408 2088 1411 2094 ’

180 2166 329 2231 lacrumis
364 2165 492 2229 decoret
523 2184 582 2230 666
603 2165 758 2248 scateo
789 2163 864 2230 fletu
898 2166 998 2250 faxit‘,
1037 2168 1147 2233 eodem
1176 2168 1270 2235 modo
1298 2189 1360 2254 quo

182 2266 350 2350 Vergilius,
373 2265 426 2350 qui
446 2266 563 2348 ,funus‘
584 2271 705 2349 quater,
726 2267 869 2349 ,funeris‘
890 2273 948 2348 ter,
968 2267 1101 2350 ,iuuere‘
1122 2269 1281 2349 undecies,
1302 2270 1360 2352 ,16-

181 2371 269 2434 nera‘
291 2368 387 2433 violes
410 2374 556 2450 usurpat,
590 2367 629 2432 de
650 2387 712 2432 uno
736 2366 862 2432 homine
882 2367 1018 2450 ,funera‘
1040 2368 1116 2434 dicit
1137 2372 1214 2435 Aen.
1238 2371 1267 2447 4,
1290 2369 1360 2449 500,

180 2469 292 2535 eadem
314 2470 480 2547 sententia,
513 2488 575 2551 qua
607 2468 747 2533 ablativo
775 2468 909 2551 ,funere‘
936 2490 965 2533 v.
988 2469 1050 2536 308
1071 2470 1180 2548 utitur,
1213 2469 1359 2537 Valerius

178 2570 328 2647 Flaccus,
350 2570 402 2652 qui
426 2569 575 2634 undecies
596 2568 730 2651 ,funera‘
750 2571 916 2654 pluralem,
939 2588 978 2633 66
1000 2569 1154 2654 singulari
1176 2572 1358 2655 genetivum

178 2671 280 2737 solum
314 2678 345 2735 et
372 2668 544 2735 ablativum
570 2671 716 2754 praebet,
750 2677 783 2735 ut
811 2691 905 2735 unum
933 2671 1036 2736 locum
1069 2671 1185 2738 diserte
1217 2673 1358 2756 afferam,

177 2773 301 2854 ,funera
321 2775 403 2836 mea‘
424 2772 454 2851 3,
475 2770 546 2839 298.

262 2871 383 2939 Deinde
414 2872 452 2937 de
479 2891 541 2936 nno
570 2871 741 2953 vocabulo,
773 2870 857 2954 quod
879 2871 908 2935 in
932 2871 1049 2956 linguis
1071 2872 1251 2939 Romaniois
1269 2874 1358 2939 femi·
1404 2879 1406 2883 ’

178 2973 284 3038 ninum
319 2993 418 3056 genus
453 2972 595 3048 exhibet,
630 2971 731 3036 fusius
759 2991 864 3054 agam.
908 2971 984 3036 Eius
1015 2973 1162 3038 vocabuli
1194 2974 1279 3058 quod
1311 2981 1359 3041 est

179 3074 351 3155 ,gaudium‘
373 3073 459 3137 solus
480 3071 692 3136 nominativus
715 3080 746 3135 el
765 3071 963 3135 accusativus
985 3072 1117 3154 pluralis
1138 3073 1304 3156 ,gaudia‘
1328 3082 1359 3141 61

180 3172 231 3238 bic
252 3172 438 3256 saepissime
461 3191 480 3234 a
501 3170 657 3248 Lucretio,
680 3170 821 3253 Vergilio
844 3173 981 3254 (septem
1002 3172 1067 3237 iere
1089 3172 1193 3254 16616),
1216 3174 1358 3253 Horatio,

181 3272 344 3357 Propertio
372 3271 540 3354 (1011),
567 3270 707 3347 Tibullo,
743 3270 871 3348 ovidio,
895 3269 1021 3336 Valerio
1044 3270 1161 3337 Flacco
1190 3272 1358 3357 (916616),

178 3373 326 3439 iuvenali
352 3372 510 3454 (11.1),
546 3371 686 3437 Ausonio
711 3379 808 3456 poeta
833 3370 934 3455 (131.
958 3372 1013 3457 1.),
1047 3372 1223 3438 Claudiano
1247 3375 1357 3456 (131,

178 3474 293 3558 ubique
316 3473 424 3557 quinto
446 3492 556 3538 versus
581 3471 698 3537 heroici
721 3473 809 3554 loco)
841 3478 1017 3557 usurpatur.
1064 3473 1158 3559 Apud
1181 3476 1356 3539 6661606-

178 3576 299 3656 161166,
322 3576 374 3657 661
404 3576 501 3639 multo
524 3574 652 3658 saepius
675 3592 768 3655 quam
791 3573 975 3657 posterioris
998 3574 1068 3638 aevi
1090 3580 1204 3659 poetae
1226 3575 1357 3641 elisione

179 3696 252 3742 usus
275 3683 332 3758 est,
354 3676 404 3756 91,
427 3675 447 3744 9
467 3675 651 3759 ,gaudium‘,
680 3672 899 3739 terminatione
921 3682 994 3739 6616
1016 3675 1284 3759 praepositionem
1305 3676 1359 3757 ,in‘

178 3778 267 3858 elisa,
290 3777 413 3861 legitur.
456 3779 502 3841 Ao
523 3766 711 3860 saepissimo
733 3774 876 3858 ,gaudia‘
896 3775 928 3839 in
951 3775 1059 3857 quinto
1081 3776 1255 3842 hexametri
1277 3776 1357 3842 6116

251 4036 281 4104 1)
302 4035 363 4090 Hoc
381 4033 521 4089 vocabulo
540 4041 643 4102 poetae
662 4033 715 4089 soli
739 4033 832 4102 prisca
858 4038 888 4088 et
905 4048 991 4088 aurea
1009 4039 1104 4089 aetate
1123 4050 1198 4089 mare
1218 4031 1357 4104 significa·

180 4122 256 4178 bant.
295 4125 362 4178 Nam
382 4123 528 4178 frustulum
546 4124 630 4179 illud:
657 4115 792 4191 ‚aequore
812 4130 840 4178 61
858 4126 951 4190 terra‘,
971 4123 1046 4191 quod
1067 4122 1142 4194 apud
1160 4123 1301 4179 Donatum
1320 4123 1358 4177 ad

178 4213 241 4268 Ter.
261 4212 369 4268 Phorm.
389 4216 415 4280 2,
435 4216 460 4280 1,
480 4215 513 4270 13
533 4213 596 4268 1666
616 4211 753 4268 exhausto
767 4212 916 4267 eSallustii
927 4211 1051 4268 historiis
1067 4215 1108 4281 (1,
1127 4214 1171 4278 41,
1190 4214 1216 4280 4,
1236 4211 1271 4269 ct.
1285 4228 1357 4280 6666

180 4302 328 4358 adnotavit
345 4301 506 4358 Dietzchius
531 4302 567 4355 ad
586 4301 659 4356 bunc
678 4301 784 4371 locum)
810 4299 959 4367 adhaeret,
985 4302 1031 4355 vix
1055 4317 1089 4356 66
1113 4318 1147 4357 66
1174 4302 1220 4355 616
1245 4302 1357 4371 quidem

69 4391 73 4400 '
179 4391 377 4448 Sallustianum
396 4392 507 4448 videtur
525 4407 602 4457 6666,
631 4390 681 4447 scd
707 4405 742 4444 66
766 4392 861 4461 611666
888 4393 1015 4462 argentei
1040 4392 1104 4446 6661
1129 4391 1280 4461 scriptore,
1310 4393 1357 4462 qui

180 4481 331 4553 Vergilium
352 4479 403 4550 (61.
423 4499 467 4560 ge.
488 4485 513 4549 3,
534 4483 595 4549 201.
617 4480 653 4545 Α,
672 4483 698 4551 4,
718 4482 779 4540 240.
799 4483 825 4549 6,
844 4482 912 4550 692)
932 4479 1100 4549 imitabatur,
1120 4479 1322 4551 depromptum,
