3388 5146
827 359 1032 429 ..pg-

341 558 403 605 555
426 539 571 608 aedificio
592 560 623 622 ,a
644 539 868 607 fundamentis‘
889 541 939 607 bis
960 541 1045 609 1155.
1069 542 1147 609 Ven.
1171 542 1249 608 Doc.
1271 543 1307 622 2,
1328 541 1369 610 29
1398 561 1427 608 5.
1448 542 1520 611 874.

341 661 372 723 ,5
393 640 609 707 fundamenta‘
637 661 668 726 p.
691 642 732 709 23
758 662 788 706 5.
809 642 880 710 853.
914 642 1131 724 ,fundamenta
1153 643 1265 709 domus
1287 643 1416 729 incepit‘
1437 645 1520 708 Ann.

341 742 433 808 Corb.
458 741 499 808 M.
523 742 560 806 G.
584 742 617 806 S.
641 742 672 822 3,
694 743 744 821 17,
765 741 815 809 52.
838 743 949 808 eodem
970 745 1064 810 modo
1085 744 1215 829 saepius
1236 744 1378 829 Agncll.,
1402 743 1521 809 Obron.

340 842 412 924 Ata,
435 841 523 907 multi
545 842 641 907 medii
663 842 733 907 aevi
756 843 937 929 scriptores.
959 844 1038 911 Inde
1050 844 1082 911 it
1098 844 1178 930 plur.
1195 845 1268 911 fem.
1283 844 1520 927 ,fondamenta‘.

339 943 434 1027 prisc.
457 942 538 1026 hisp.
561 944 674 1008 51155.
697 942 934 1025 ,fondamenta‘.
955 982 996 994 —

419 1045 657 1127 patrocinia
687 1043 802 1110 Obron.
837 1045 899 1109 Alt.
934 1066 965 1128 p.
987 1045 1081 1128 25,8
1108 1052 1166 1111 515.
1202 1046 1360 1130 ,praebuit
1389 1066 1521 1112 saera·

339 1149 480 1210 555515ι
509 1144 697 1229 saepissime
727 1152 876 1229 tanquam
905 1143 1041 1211 formula
1068 1147 1230 1212 sollemnis
1252 1146 1283 1211 15
1307 1147 1426 1212 chartis
1448 1166 1520 1212 sae·

340 1246 401 1312 culi
424 1246 505 1312 sexti
521 1265 572 1329 ap.
595 1244 718 1312 Marini.
740 1283 781 1294 —
802 1247 1030 1331 sollemnia,
1052 1248 1223 1332 praecipue
1245 1247 1424 1329 ,sollemnia
1445 1246 1520 1312 mis-

339 1356 454 1413 sarum*
484 1345 670 1430 saepissime
700 1347 873 1412 55555515
901 1348 1036 1432 septimo
1062 1348 1144 1413 Mon.
1168 1347 1206 1414 G.
1227 1348 1260 1413 S.
1283 1349 1310 1431 Ι,
1332 1348 1421 1413 alias.
1456 1347 1521 1413 Vit.

340 1449 373 1514 S.
396 1448 481 1513 Galli
510 1447 595 1513 circa
622 1467 651 1512 a.
674 1447 736 1517 759
762 1447 802 1512 M.
826 1447 864 1513 0.
887 1449 919 1513 S.
941 1449 972 1532 2,
996 1449 1043 1530 14,
1072 1451 1107 1530 43
1140 1449 1334 1532 ,5511555115ι
1358 1448 1521 1515 [155515

340 1549 464 1628 Mirac,
498 1547 550 1632 551
580 1546 684 1614 medio
713 1566 797 1613 nono
819 1548 946 1615 saeculo
969 1550 1109 1634 scripsit,
1137 1549 1178 1614 Μ.
1200 1549 1237 1616 G.
1259 1550 1293 1616 8.
1309 1550 1340 1630 2,
1364 1551 1414 1632 51,
1437 1549 1466 1628 2,
1487 1548 1520 1616 0.

339 1649 459 1715 Charta
473 1649 589 1714 Abbat.
609 1648 733 1713 Torone
749 1668 777 1714 a.
799 1649 862 1718 895
888 1651 987 1734 8555.
1009 1651 1038 1727 9,
1058 1651 1129 1719 708.
1158 1651 1287 1735 saepius
1308 1650 1419 1717 iisdem
1441 1659 1520 1715 tem·

339 1750 533 1835 poribus-
553 1751 739 1834 scpulcra
760 1769 872 1816 versus
892 1770 921 1815 a.
935 1751 997 1819 006
1019 1759 1050 1817 51
1070 1753 1133 1820 708
1154 1749 1428 1836 55155511103.
1447 1751 1519 1817 135.

339 1889 380 1900 -
401 1871 433 1933 ,5
454 1851 583 1916 dorsu‘
605 1850 721 1916 Obron.
743 1850 823 1915 Nou.
846 1852 876 1934 3,
901 1854 1012 1918 14-
1043 1851 1170 1930 Quanta
1198 1852 1292 1919 fuerit
1319 1870 1519 1916 numerorum

339 1952 499 2035 55515515,
529 1971 567 2017 eo
590 1951 819 2035 intellegimus,
848 1952 932 2035 quod
954 1953 1122 2036 Rioberus,
1152 1955 1204 2036 551
1227 1953 1305 2019 55115
1327 1949 1465 2017 dilucido
1488 1958 1522 2016 et

339 2074 417 2138 puro
446 2059 550 2118 utatur
579 2051 704 2118 dicendi
731 2070 865 2135 genere,
901 2073 971 2118 eam
998 2054 1109 2139 lugere
1131 2076 1194 2121 non
1216 2054 1325 2139 potuit.
1369 2053 1430 2131 (151
1453 2053 1524 2118 doli

338 2175 436 2240 saepo
456 2155 606 2240 praebet,
637 2160 784 2239 concepte
806 2155 923 2237 semel„
947 2156 1129 2239 55515154,
1150 2158 1201 2225 73.
1234 2154 1455 2236 1515515152,
1477 2153 1522 2221 70

338 2262 397 2322 etc.
430 2254 638 2340 suffragiul,
661 2255 711 2323 12.
1582 2258 1587 2269 ’

421 2357 565 2438 11551555
591 2356 744 2423 55555115
776 2355 987 2436 adjectiva
1012 2357 1182 2440 localia,
1217 2376 1299 2440 5555
1333 2354 1519 2420 55551515

338 2477 384 2523 55
406 2456 624 2543 pluraliter
646 2456 853 2541 ponebantur,
876 2457 1140 2538 commemorabo,
1163 2457 1238 2541 quia
1260 2455 1334 2522 inde
1356 2456 1520 2540 complura

339 2558 370 2622 in
393 2558 509 2641 linguis
521 2557 702 2623 Romanieis
725 2557 877 2623 feminina
898 2558 984 2623 lacta
1005 2566 1085 2625 sunt.
1129 2557 1198 2624 Hoc
1220 2578 1258 2625 eo
1279 2557 1405 2623 facilius
1419 2555 1521 2641 potuit

339 2657 422 2740 fieri,
451 2657 705 2742 primumquod,
736 2665 770 2723 51
797 2656 837 2722 de
864 2659 1003 2724 locorum
1025 2658 1223 2724 multitudine
1244 2658 1444 2740 dicebantur,
1474 2657 1520 2739 115

339 2759 398 2824 sub
420 2779 483 2824 555
504 2758 644 2841 regionis
665 2758 792 2824 notione
809 2760 1165 2843 comprehendebantur,
1187 2757 1301 2824 deinde
1321 2759 1396 2842 quia
1413 2764 1519 2841 ,terra‘

339 2880 401 2926 non
416 2860 519 2924 minus
536 2878 630 2942 quam
647 2860 739 2937 ‚locat
757 2859 927 2925 subaudita
946 2860 1025 2927 bene
1046 2881 1115 2927 cum
1140 2860 1254 2926 1111515
1277 2859 1403 2925 casibu's
1425 2859 1519 2923 rectis

338 2961 452 3046 positis
473 2961 626 3043 congruit.
660 2960 859 3043 Quamquam
873 2960 950 3025 mibi
967 2980 1030 3026 non
1050 2960 1142 3028 aliter
1157 2981 1252 3045 quam
1265 2959 1352 3027 01115
1366 2960 1458 3041 ,loca‘
1477 2959 1519 3023 ad

338 3084 378 3130 55
399 3063 522 3128 ridetur
543 3060 753 3145 supplendum
776 3081 936 3143 5555555,
965 3062 1032 3144 sed,
1055 3081 1137 3145 5555
1159 3067 1209 3128 551
1229 3063 1356 3146 generis
1379 3061 1520 3126 neutrius

338 3170 467 3245 natura,
490 3162 677 3228 substantivi
710 3164 781 3228 loco
810 3163 930 3246 posita,
960 3163 1070 3229 eodem
1098 3164 1193 3228 modo
1215 3182 1254 3228 ac
1276 3182 1334 3228 nos
1355 3163 1386 3228 in
1408 3162 1520 3245 lingua

338 3264 529 3331 Germanica
549 3263 703 3347 singulari
726 3262 953 3346 adjectivorum
977 3271 1173 3346 neutrorum,
1203 3264 1371 3347 conjuncto
1393 3282 1519 3346 555555

338 3387 408 3432 cum
430 3364 595 3449 genetivo,
627 3383 685 3448 pro
707 3364 904 3429 substantivo
926 3365 971 3430 511
993 3366 1141 3430 solemus.
1185 3366 1233 3431 De
1255 3385 1363 3430 eorum
1385 3362 1518 3448 adjecti·

338 3486 447 3532 vorum
479 3485 539 3531 usu
572 3464 656 3550 apud
689 3465 861 3549 scriptores
892 3465 1023 3530 Latinos
1050 3466 1124 3530 vide
1146 3467 1300 3548 Draeger.
1322 3465 1404 3530 Hist.
1426 3465 1519 3548 Synt.

339 3572 354 3633 1
379 3570 407 3648 §.
431 3566 482 3646 20,
504 3565 544 3630 de
565 3565 677 3631 iisdem
700 3585 770 3631 oum
793 3567 941 3649 genetivo
964 3566 1328 3649 conjunctis§.199,4.
1363 3567 1519 3651 Equidem

338 3667 411 3732 inde
433 3686 537 3752 pauca
558 3685 694 3747 sumam,
724 3686 763 3731 ex
785 3669 899 3750 quibus
922 3665 1075 3732 feminina
1097 3669 1128 3732 15
1150 3668 1268 3751 linguis
1290 3670 1519 3736 recentioribus
1610 3710 1615 3718 ·

339 3776 410 3837 sunt
432 3773 511 3845 orta,
533 3767 701 3848 nonnullis,
724 3768 903 3850 quaemihi
929 3776 1056 3851 praesto
1079 3776 1159 3848 sunt,
1182 3768 1309 3836 additis.

421 3869 585 3951 Draegero
607 3867 703 3951 igitur
723 3867 840 3935 diserte
863 3877 932 3934 erat
953 3868 1120 3935 dicendum
1142 3877 1173 3936 51
1193 3871 1335 3954 pluribus
1352 3870 1519 3954 exemplis,

338 3989 432 4055 quam
455 3969 510 4054 (1²
532 3988 607 4054 pag.
629 3970 706 4053 453)
729 3969 849 4054 5115111,
884 3971 1121 4051 illustrandum,
1154 3991 1224 4036 eam
1248 3969 1518 4052 consuetudinem,

338 4090 435 4155 quae,
466 4071 652 4155 praesertim
675 4073 821 4153 genetivo
851 4071 999 4155 partitivo
1029 4072 1215 4155 accedente,
1248 4073 1327 4138 satis
1359 4072 1518 4156 poeticam

339 4173 436 4237 babet
464 4171 619 4256 speeiem,
652 4170 824 4255 Vergilii
845 4171 1000 4255 imprimis
1021 4174 1208 4238 auctoritate
1230 4173 1271 4238 ad
1293 4193 1396 4238 rerum
1418 4172 1517 4256 scrip·

337 4280 422 4340 tores
445 4279 617 4356 argenteae
640 4271 835 4356 Latinitatis,
863 4273 916 4356 551
945 4292 1080 4361 poeseos
1109 4281 1295 4340 ornamenta
1317 4273 1443 4339 minime
1465 4292 1517 4338 as-

337 4381 523 4462 perdantur,
565 4373 757 4459 pervenisse.
814 4374 905 4440 Hanc
937 4381 1141 4456 structuram,
1181 4395 1263 4457 5555
1296 4374 1413 4460 optime
1446 4393 1517 4440 cum

338 4485 436 4543 metro
472 4476 631 4560 dactylico
663 4475 822 4555 convenit,
861 4496 881 4539 5
914 4475 1016 4560 poetis
1050 4483 1151 4542 ortam
1179 4496 1250 4542 5555
1274 4476 1342 4561 jam
1374 4475 1518 4540 Koenius
