<?xml version="1.0" encoding="UTF-8"?>
<!DOCTYPE html PUBLIC "-//W3C//DTD XHTML 1.0 Transitional//EN"
    "http://www.w3.org/TR/xhtml1/DTD/xhtml1-transitional.dtd">
<html xmlns="http://www.w3.org/1999/xhtml" xml:lang="en" lang="en">
 <head>
  <title>
</title>
<meta http-equiv="Content-Type" content="text/html;charset=utf-8" />
  <meta name='ocr-system' content='tesseract 3.04.00' />
  <meta name='ocr-capabilities' content='ocr_page ocr_carea ocr_par ocr_line ocrx_word'/>
</head>
<body>
  <div class='ocr_page' id='page_1' title='image "./degenereneutroi00appegoog_0055.png"; bbox 0 0 3388 5146; ppageno 0'>
   <div class='ocr_carea' id='block_1_1' title="bbox 812 331 1018 399">
    <p class='ocr_par' dir='ltr' id='par_1_1' title="bbox 812 331 1018 399">
     <span class='ocr_line' id='line_1_1' title="bbox 812 331 1018 399; baseline 0 -17"><span class='ocrx_word' id='word_1_1' title='bbox 812 331 1018 399; x_wconf 68' lang='lat'>..44-</span> 
     </span>
    </p>
   </div>
   <div class='ocr_carea' id='block_1_2' title="bbox 272 509 1679 2113">
    <p class='ocr_par' dir='ltr' id='par_1_2' title="bbox 272 509 1679 3759">
     <span class='ocr_line' id='line_1_2' title="bbox 329 509 1506 600; baseline 0.001 -21"><span class='ocrx_word' id='word_1_2' title='bbox 329 512 465 597; x_wconf 89' lang='lat' dir='ltr'>denique</span> <span class='ocrx_word' id='word_1_3' title='bbox 486 509 568 595; x_wconf 81' lang='lat' dir='ltr'><strong>‚floo‘</strong></span> <span class='ocrx_word' id='word_1_4' title='bbox 589 511 807 597; x_wconf 77' lang='lat' dir='ltr'>Franeogaliis</span> <span class='ocrx_word' id='word_1_5' title='bbox 829 512 1012 579; x_wconf 87' lang='lat' dir='ltr'>femininum</span> <span class='ocrx_word' id='word_1_6' title='bbox 1034 520 1092 598; x_wconf 80' lang='lat' dir='ltr'>eet,</span> <span class='ocrx_word' id='word_1_7' title='bbox 1120 515 1238 600; x_wconf 87' lang='lat' dir='ltr'>optime</span> <span class='ocrx_word' id='word_1_8' title='bbox 1260 535 1330 582; x_wconf 86' lang='lat' dir='ltr'>oum</span> <span class='ocrx_word' id='word_1_9' title='bbox 1357 514 1506 582; x_wconf 80' lang='lat' dir='ltr'><strong>vocabuli</strong></span> 
     </span>
     <span class='ocr_line' id='line_1_3' title="bbox 328 612 631 680; baseline 0.003 -1"><span class='ocrx_word' id='word_1_10' title='bbox 328 615 455 680; x_wconf 87' lang='lat' dir='ltr'>notione</span> <span class='ocrx_word' id='word_1_11' title='bbox 477 612 631 680; x_wconf 78' lang='lat' dir='ltr'>convenit.</span> 
     </span>
     <span class='ocr_line' id='line_1_4' title="bbox 409 714 1504 801; baseline 0.003 -22"><span class='ocrx_word' id='word_1_12' title='bbox 409 714 552 796; x_wconf 89' lang='lat' dir='ltr'>Denique</span> <span class='ocrx_word' id='word_1_13' title='bbox 568 732 859 798; x_wconf 77' lang='lat' dir='ltr'><strong>commemoramus,</strong></span> <span class='ocrx_word' id='word_1_14' title='bbox 881 721 1029 799; x_wconf 78' lang='lat' dir='ltr'><strong>quattuor</strong></span> <span class='ocrx_word' id='word_1_15' title='bbox 1051 718 1144 782; x_wconf 83' lang='lat' dir='ltr'>unni</span> <span class='ocrx_word' id='word_1_16' title='bbox 1166 724 1344 801; x_wconf 81' lang='lat' dir='ltr'>tempora</span> <span class='ocrx_word' id='word_1_17' title='bbox 1366 716 1504 783; x_wconf 79' lang='lat' dir='ltr'>Franco·</span> 
     </span>
     <span class='ocr_line' id='line_1_5' title="bbox 327 816 1506 902; baseline 0.001 -21"><span class='ocrx_word' id='word_1_18' title='bbox 327 816 422 900; x_wconf 83' lang='lat' dir='ltr'>gallis</span> <span class='ocrx_word' id='word_1_19' title='bbox 455 834 518 880; x_wconf 89' lang='lat' dir='ltr'>nou</span> <span class='ocrx_word' id='word_1_20' title='bbox 550 816 668 896; x_wconf 81' lang='lat' dir='ltr'>minue,</span> <span class='ocrx_word' id='word_1_21' title='bbox 699 835 793 898; x_wconf 83' lang='lat' dir='ltr'><strong>quam</strong></span> <span class='ocrx_word' id='word_1_22' title='bbox 821 817 913 882; x_wconf 79' lang='lat' dir='ltr'>nobie</span> <span class='ocrx_word' id='word_1_23' title='bbox 940 818 972 882; x_wconf 89' lang='lat' dir='ltr'>iu</span> <span class='ocrx_word' id='word_1_24' title='bbox 1001 819 1112 902; x_wconf 79' lang='lat' dir='ltr'>lingua</span> <span class='ocrx_word' id='word_1_25' title='bbox 1137 816 1307 883; x_wconf 79' lang='lat' dir='ltr'>vernacula</span> <span class='ocrx_word' id='word_1_26' title='bbox 1328 816 1506 883; x_wconf 74' lang='lat' dir='ltr'><strong>masculina</strong></span> 
     </span>
     <span class='ocr_line' id='line_1_6' title="bbox 328 915 1503 1002; baseline 0 -18"><span class='ocrx_word' id='word_1_27' title='bbox 328 937 408 984; x_wconf 83' lang='lat' dir='ltr'>esee.</span> <span class='ocrx_word' id='word_1_28' title='bbox 451 915 533 981; x_wconf 83' lang='lat' dir='ltr'>Num</span> <span class='ocrx_word' id='word_1_29' title='bbox 554 918 605 981; x_wconf 89' lang='lat' dir='ltr'>vel</span> <span class='ocrx_word' id='word_1_30' title='bbox 627 935 668 981; x_wconf 84' lang='lat' dir='ltr'>ex</span> <span class='ocrx_word' id='word_1_31' title='bbox 689 936 726 981; x_wconf 88' lang='lat' dir='ltr'>eo</span> <span class='ocrx_word' id='word_1_32' title='bbox 749 917 832 999; x_wconf 84' lang='lat' dir='ltr'><strong>quod</strong></span> <span class='ocrx_word' id='word_1_33' title='bbox 855 924 904 982; x_wconf 84' lang='lat' dir='ltr'>est</span> <span class='ocrx_word' id='word_1_34' title='bbox 918 925 1020 984; x_wconf 68' lang='lat' dir='ltr'><strong>mutuo</strong></span> <span class='ocrx_word' id='word_1_35' title='bbox 1036 938 1056 983; x_wconf 87' lang='lat' dir='ltr'>a</span> <span class='ocrx_word' id='word_1_36' title='bbox 1070 917 1305 1002; x_wconf 80' lang='lat' dir='ltr'>Fraueogullis‚</span> <span class='ocrx_word' id='word_1_37' title='bbox 1330 937 1400 983; x_wconf 89' lang='lat' dir='ltr'>oum</span> <span class='ocrx_word' id='word_1_38' title='bbox 1421 924 1503 984; x_wconf 85' lang='lat' dir='ltr'>oete·</span> 
     </span>
     <span class='ocr_line' id='line_1_7' title="bbox 326 1018 1502 1102; baseline 0.001 -19"><span class='ocrx_word' id='word_1_39' title='bbox 326 1037 430 1083; x_wconf 89' lang='lat' dir='ltr'>rorum</span> <span class='ocrx_word' id='word_1_40' title='bbox 453 1018 527 1082; x_wconf 86' lang='lat' dir='ltr'>anui</span> <span class='ocrx_word' id='word_1_41' title='bbox 549 1023 725 1101; x_wconf 82' lang='lat' dir='ltr'>temporum</span> <span class='ocrx_word' id='word_1_42' title='bbox 747 1018 981 1085; x_wconf 83' lang='lat' dir='ltr'>similitudinem</span> <span class='ocrx_word' id='word_1_43' title='bbox 997 1027 1211 1102; x_wconf 80' lang='lat' dir='ltr'>sequerentur,</span> <span class='ocrx_word' id='word_1_44' title='bbox 1232 1019 1349 1084; x_wconf 80' lang='lat' dir='ltr'><strong>factum</strong></span> <span class='ocrx_word' id='word_1_45' title='bbox 1367 1025 1416 1084; x_wconf 83' lang='lat' dir='ltr'>eet</span> <span class='ocrx_word' id='word_1_46' title='bbox 1429 1022 1502 1102; x_wconf 73' lang='lat' dir='ltr'>,ete‘</span> 
     </span>
     <span class='ocr_line' id='line_1_8' title="bbox 326 1118 1503 1205; baseline 0 -20"><span class='ocrx_word' id='word_1_47' title='bbox 326 1118 500 1185; x_wconf 81' lang='lat' dir='ltr'><strong>masculino</strong></span> <span class='ocrx_word' id='word_1_48' title='bbox 511 1136 637 1202; x_wconf 85' lang='lat' dir='ltr'>genere.</span> <span class='ocrx_word' id='word_1_49' title='bbox 668 1119 770 1184; x_wconf 90' lang='lat' dir='ltr'><strong>Unum</strong></span> <span class='ocrx_word' id='word_1_50' title='bbox 782 1123 962 1185; x_wconf 77' lang='lat' dir='ltr'>autumni</span> <span class='ocrx_word' id='word_1_51' title='bbox 976 1121 1163 1186; x_wconf 74' lang='lat' dir='ltr'><strong>vocobulum</strong></span> <span class='ocrx_word' id='word_1_52' title='bbox 1177 1122 1353 1205; x_wconf 81' lang='lat' dir='ltr'><strong>(automne)</strong></span> <span class='ocrx_word' id='word_1_53' title='bbox 1366 1138 1503 1186; x_wconf 88' lang='lat' dir='ltr'><strong>eommu-</strong></span> 
     </span>
     <span class='ocr_line' id='line_1_9' title="bbox 324 1217 1502 1306; baseline 0 -21"><span class='ocrx_word' id='word_1_54' title='bbox 324 1221 374 1285; x_wconf 83' lang='lat' dir='ltr'>nis</span> <span class='ocrx_word' id='word_1_55' title='bbox 390 1226 439 1286; x_wconf 83' lang='lat' dir='ltr'>eet</span> <span class='ocrx_word' id='word_1_56' title='bbox 459 1217 595 1302; x_wconf 81' lang='lat' dir='ltr'>generis,</span> <span class='ocrx_word' id='word_1_57' title='bbox 618 1224 649 1284; x_wconf 87' lang='lat' dir='ltr'>et</span> <span class='ocrx_word' id='word_1_58' title='bbox 661 1224 745 1284; x_wconf 86' lang='lat' dir='ltr'>uerte</span> <span class='ocrx_word' id='word_1_59' title='bbox 759 1220 949 1302; x_wconf 68' lang='lat' dir='ltr'>humaretur,</span> <span class='ocrx_word' id='word_1_60' title='bbox 972 1220 1088 1306; x_wconf 89' lang='lat' dir='ltr'>quippe</span> <span class='ocrx_word' id='word_1_61' title='bbox 1101 1240 1182 1305; x_wconf 82' lang='lat' dir='ltr'>quae</span> <span class='ocrx_word' id='word_1_62' title='bbox 1193 1227 1296 1286; x_wconf 76' lang='lat' dir='ltr'>terroe</span> <span class='ocrx_word' id='word_1_63' title='bbox 1309 1219 1418 1304; x_wconf 81' lang='lat' dir='ltr'>fruges</span> <span class='ocrx_word' id='word_1_64' title='bbox 1430 1239 1502 1305; x_wconf 88' lang='lat' dir='ltr'>pro·</span> 
     </span>
     <span class='ocr_line' id='line_1_10' title="bbox 325 1319 1502 1406; baseline 0 -19"><span class='ocrx_word' id='word_1_65' title='bbox 325 1321 421 1403; x_wconf 84' lang='lat' dir='ltr'>ierat,</span> <span class='ocrx_word' id='word_1_66' title='bbox 453 1320 590 1387; x_wconf 81' lang='lat' dir='ltr'>maxime</span> <span class='ocrx_word' id='word_1_67' title='bbox 612 1319 761 1385; x_wconf 87' lang='lat' dir='ltr'>feminino</span> <span class='ocrx_word' id='word_1_68' title='bbox 784 1327 832 1387; x_wconf 82' lang='lat' dir='ltr'>eet</span> <span class='ocrx_word' id='word_1_69' title='bbox 853 1323 961 1405; x_wconf 82' lang='lat' dir='ltr'>generi</span> <span class='ocrx_word' id='word_1_70' title='bbox 984 1327 1069 1406; x_wconf 80' lang='lat' dir='ltr'><strong>opta.</strong></span> <span class='ocrx_word' id='word_1_71' title='bbox 1113 1322 1159 1387; x_wconf 79' lang='lat' dir='ltr'>Eo</span> <span class='ocrx_word' id='word_1_72' title='bbox 1181 1321 1306 1387; x_wconf 82' lang='lat' dir='ltr'>faeiliuo</span> <span class='ocrx_word' id='word_1_73' title='bbox 1330 1328 1435 1388; x_wconf 81' lang='lat' dir='ltr'><strong>autem</strong></span> <span class='ocrx_word' id='word_1_74' title='bbox 1456 1321 1502 1387; x_wconf 83' lang='lat' dir='ltr'>ie-</span> 
     </span>
     <span class='ocr_line' id='line_1_11' title="bbox 272 1420 1503 1508; baseline 0.001 -22"><span class='ocrx_word' id='word_1_75' title='bbox 272 1436 275 1443; x_wconf 77' lang='grc'>’</span> <span class='ocrx_word' id='word_1_76' title='bbox 324 1422 476 1487; x_wconf 81' lang='lat' dir='ltr'>minimum</span> <span class='ocrx_word' id='word_1_77' title='bbox 496 1427 602 1505; x_wconf 78' lang='lat' dir='ltr'><strong>potest</strong></span> <span class='ocrx_word' id='word_1_78' title='bbox 621 1421 790 1505; x_wconf 77' lang='lat' dir='ltr'>explicari,</span> <span class='ocrx_word' id='word_1_79' title='bbox 813 1441 882 1487; x_wconf 87' lang='lat' dir='ltr'>eum</span> <span class='ocrx_word' id='word_1_80' title='bbox 899 1423 969 1507; x_wconf 83' lang='lat' dir='ltr'>jam</span> <span class='ocrx_word' id='word_1_81' title='bbox 992 1424 1022 1488; x_wconf 90' lang='lat' dir='ltr'>in</span> <span class='ocrx_word' id='word_1_82' title='bbox 1044 1421 1152 1508; x_wconf 80' lang='lat' dir='ltr'>prisea</span> <span class='ocrx_word' id='word_1_83' title='bbox 1174 1422 1284 1506; x_wconf 78' lang='lat' dir='ltr'>lingue</span> <span class='ocrx_word' id='word_1_84' title='bbox 1305 1420 1420 1487; x_wconf 82' lang='lat' dir='ltr'>Latina</span> <span class='ocrx_word' id='word_1_85' title='bbox 1440 1421 1503 1487; x_wconf 87' lang='lat' dir='ltr'>hoe</span> 
     </span>
     <span class='ocr_line' id='line_1_12' title="bbox 323 1521 1499 1609; baseline 0.001 -22"><span class='ocrx_word' id='word_1_86' title='bbox 323 1541 438 1588; x_wconf 86' lang='lat' dir='ltr'><strong>nomeu</strong></span> <span class='ocrx_word' id='word_1_87' title='bbox 459 1541 560 1606; x_wconf 82' lang='lat' dir='ltr'>genus</span> <span class='ocrx_word' id='word_1_88' title='bbox 580 1527 724 1588; x_wconf 84' lang='lat' dir='ltr'>neutrum</span> <span class='ocrx_word' id='word_1_89' title='bbox 746 1523 925 1590; x_wconf 75' lang='lat' dir='ltr'>adsciverit.</span> <span class='ocrx_word' id='word_1_90' title='bbox 967 1525 1016 1590; x_wconf 88' lang='lat' dir='ltr'>De</span> <span class='ocrx_word' id='word_1_91' title='bbox 1047 1542 1085 1590; x_wconf 89' lang='lat' dir='ltr'>eo</span> <span class='ocrx_word' id='word_1_92' title='bbox 1115 1523 1199 1606; x_wconf 86' lang='lat' dir='ltr'><strong>quod</strong></span> <span class='ocrx_word' id='word_1_93' title='bbox 1221 1529 1269 1589; x_wconf 85' lang='lat' dir='ltr'>est</span> <span class='ocrx_word' id='word_1_94' title='bbox 1289 1521 1435 1609; x_wconf 83' lang='lat' dir='ltr'>,hiemps‘</span> <span class='ocrx_word' id='word_1_95' title='bbox 1457 1522 1499 1589; x_wconf 86' lang='lat' dir='ltr'>of.</span> 
     </span>
     <span class='ocr_line' id='line_1_13' title="bbox 323 1622 1500 1709; baseline -0.003 -19"><span class='ocrx_word' id='word_1_96' title='bbox 323 1644 355 1708; x_wconf 90' lang='lat' dir='ltr'>p.</span> <span class='ocrx_word' id='word_1_97' title='bbox 377 1623 427 1690; x_wconf 80' lang='lat'>32.</span> <span class='ocrx_word' id='word_1_98' title='bbox 450 1622 647 1707; x_wconf 76' lang='lat' dir='ltr'>,hibernos</span> <span class='ocrx_word' id='word_1_99' title='bbox 667 1624 798 1708; x_wconf 79' lang='lat' dir='ltr'>grundio</span> <span class='ocrx_word' id='word_1_100' title='bbox 820 1631 851 1690; x_wconf 85' lang='lat' dir='ltr'>et</span> <span class='ocrx_word' id='word_1_101' title='bbox 872 1623 981 1691; x_wconf 84' lang='lat' dir='ltr'>duruo‘</span> <span class='ocrx_word' id='word_1_102' title='bbox 1002 1624 1056 1709; x_wconf 85' lang='lat' dir='ltr'>(fr.</span> <span class='ocrx_word' id='word_1_103' title='bbox 1078 1624 1181 1708; x_wconf 87' lang='lat' dir='ltr'>hiver)</span> <span class='ocrx_word' id='word_1_104' title='bbox 1211 1625 1325 1691; x_wconf 78' lang='lat' dir='ltr'>Annei.</span> <span class='ocrx_word' id='word_1_105' title='bbox 1347 1622 1500 1689; x_wconf 81' lang='lat' dir='ltr'>Laureeh.</span> 
     </span>
     <span class='ocr_line' id='line_1_14' title="bbox 324 1723 446 1793; baseline -0.025 -3"><span class='ocrx_word' id='word_1_106' title='bbox 324 1744 353 1792; x_wconf 84' lang='lat' dir='ltr'>a.</span> <span class='ocrx_word' id='word_1_107' title='bbox 375 1723 446 1793; x_wconf 79' lang='lat'><strong>764.</strong></span> 
     </span>
     <span class='ocr_line' id='line_1_15' title="bbox 406 1823 1679 1911; baseline -0.001 -21"><span class='ocrx_word' id='word_1_108' title='bbox 406 1824 510 1890; x_wconf 87' lang='lat' dir='ltr'><strong>Unum</strong></span> <span class='ocrx_word' id='word_1_109' title='bbox 544 1824 639 1890; x_wconf 76' lang='lat' dir='ltr'>eiiam</span> <span class='ocrx_word' id='word_1_110' title='bbox 671 1824 859 1890; x_wconf 83' lang='lat' dir='ltr'><strong>vocabulum</strong></span> <span class='ocrx_word' id='word_1_111' title='bbox 890 1825 931 1890; x_wconf 82' lang='lat' dir='ltr'>ad</span> <span class='ocrx_word' id='word_1_112' title='bbox 964 1826 1093 1892; x_wconf 81' lang='lat' dir='ltr'>ulterius</span> <span class='ocrx_word' id='word_1_113' title='bbox 1120 1826 1232 1891; x_wconf 81' lang='lat' dir='ltr'>similis</span> <span class='ocrx_word' id='word_1_114' title='bbox 1259 1823 1500 1910; x_wconf 80' lang='lat' dir='ltr'>significationis</span> <span class='ocrx_word' id='word_1_115' title='bbox 1677 1848 1679 1911; x_wconf 58' lang='lat' dir='ltr'>r</span> 
     </span>
     <span class='ocr_line' id='line_1_16' title="bbox 323 1922 1498 2010; baseline -0.002 -18"><span class='ocrx_word' id='word_1_116' title='bbox 323 1922 411 1992; x_wconf 83' lang='lat' dir='ltr'>voeis</span> <span class='ocrx_word' id='word_1_117' title='bbox 433 1944 533 2008; x_wconf 83' lang='lat' dir='ltr'>genus</span> <span class='ocrx_word' id='word_1_118' title='bbox 555 1925 683 2009; x_wconf 84' lang='lat' dir='ltr'>aliquod</span> <span class='ocrx_word' id='word_1_119' title='bbox 705 1930 895 1990; x_wconf 87' lang='lat' dir='ltr'>momentum</span> <span class='ocrx_word' id='word_1_120' title='bbox 917 1925 1030 2008; x_wconf 83' lang='lat' dir='ltr'>attulit,</span> <span class='ocrx_word' id='word_1_121' title='bbox 1053 1932 1088 1991; x_wconf 88' lang='lat' dir='ltr'>ut</span> <span class='ocrx_word' id='word_1_122' title='bbox 1108 1933 1192 1991; x_wconf 75' lang='lat' dir='ltr'>sori</span> <span class='ocrx_word' id='word_1_123' title='bbox 1212 1926 1432 2010; x_wconf 83' lang='lat' dir='ltr'>Frauoogallis</span> <span class='ocrx_word' id='word_1_124' title='bbox 1455 1925 1498 1990; x_wconf 77' lang='lat' dir='ltr'>ad</span> 
     </span>
     <span class='ocr_line' id='line_1_17' title="bbox 323 2025 1325 2113; baseline 0.004 -23"><span class='ocrx_word' id='word_1_125' title='bbox 323 2025 557 2092; x_wconf 79' lang='lat' dir='ltr'>similitudinem</span> <span class='ocrx_word' id='word_1_126' title='bbox 579 2026 726 2092; x_wconf 79' lang='lat' dir='ltr'>vocabuli</span> <span class='ocrx_word' id='word_1_127' title='bbox 748 2026 875 2108; x_wconf 81' lang='lat' dir='ltr'>‚destiu‘</span> <span class='ocrx_word' id='word_1_128' title='bbox 895 2027 1069 2095; x_wconf 80' lang='lat' dir='ltr'><strong>masculino</strong></span> <span class='ocrx_word' id='word_1_129' title='bbox 1091 2035 1140 2095; x_wconf 82' lang='lat' dir='ltr'>est</span> <span class='ocrx_word' id='word_1_130' title='bbox 1162 2047 1288 2113; x_wconf 84' lang='lat' dir='ltr'>genere.</span> <span class='ocrx_word' id='word_1_131' title='bbox 1323 2100 1325 2103; x_wconf 61' lang='grc'><strong>,</strong></span> 
     </span>
    </p>
   </div>
   <div class='ocr_carea' id='block_1_3' title="bbox 0 0 1698 5146">
    <p class='ocr_par' dir='ltr' id='par_1_3' title="bbox 0 0 1698 5146">
     <span class='ocr_line' id='line_1_18' title="bbox 0 0 1698 5146; baseline 0 6"><span class='ocrx_word' id='word_1_132' title='bbox 0 0 1698 5146; x_wconf 95' lang='lat' dir='ltr'> </span> 
     </span>
    </p>
   </div>
  </div>
 </body>
</html>
