3388 5146
788 318 974 387 ..g-

286 517 369 562 mam
398 496 565 564 transiisse
588 497 848 577 declinationem,
877 499 1029 565 nonnulla
1055 499 1233 564 masculina
1261 505 1293 566 et
1319 497 1471 564 feminina

286 599 407 683 primae
421 597 643 665 declinationis
659 599 786 665 diverso
808 599 918 682 generi
938 601 1090 665 attributa
1112 619 1182 665 esse
1195 606 1268 685 post
1283 598 1470 666 ridebimus.

368 699 481 780 Neque
503 698 564 764 hoc
578 699 703 765 videtur
719 718 789 765 esse
801 700 1127 784 praetermittendum,
1149 699 1188 763 in
1211 719 1355 783 magno
1379 718 1470 764 neo·

286 805 436 864 trorum
457 819 617 865 numero
639 801 761 883 longe
784 819 855 865 esse
874 799 1116 880 dubitatum,
1145 799 1250 882 qrrod
1273 799 1469 884 potissimum

286 919 409 983 genos
431 906 708 982 sequerentur.
741 901 782 964 lit
796 900 914 965 formas
927 901 1120 965 masculinas
1137 920 1157 964 a
1173 899 1328 984 singulari
1345 906 1470 965 neubo-

285 1019 364 1079 rum,
383 999 553 1067 femininus
566 1021 587 1065 a
598 1001 712 1083 plurali
725 1008 811 1071 ortas
823 1021 894 1067 esse
906 1000 988 1066 infra
1000 1000 1287 1085 comprobabimus.
1316 1000 1395 1065 Inde
1406 1000 1471 1066 fac

285 1105 350 1165 tum
373 1107 437 1179 est,
464 1108 498 1165 ut
519 1102 690 1166 nonnullae
712 1122 807 1168 voces
830 1103 872 1167 ad
894 1103 975 1167 alias
997 1102 1061 1166 alio
1082 1120 1200 1184 genere
1216 1100 1344 1183 linguas
1362 1119 1471 1166 recen·

284 1200 382 1267 tiores
402 1209 666 1286 propagarentur.
703 1203 875 1268 Praeterea
894 1202 975 1267 baec
997 1202 1156 1285 duplicom
1178 1203 1349 1266 formarum
1373 1202 1470 1265 abun·

286 1301 396 1366 dantia
408 1301 599 1383 Romaniois,
617 1302 772 1387 imprimis
784 1302 913 1384 italicis,
928 1302 1146 1368 felicissimam
1159 1302 1335 1385 praebebat
1346 1301 1471 1384 copiam

284 1401 465 1467 subtiliores
478 1402 737 1485 significationes,
752 1405 923 1487 praecipue
937 1403 969 1467 in
982 1422 1112 1467 numero
1124 1402 1249 1484 plurali,
1263 1401 1471 1488 exprimendi.

286 1502 431 1567 Ceterum
455 1502 496 1566 ab
516 1503 593 1586 ipsis
614 1504 766 1569 Romanis
795 1505 828 1568 in
849 1503 966 1588 plurali
994 1504 1164 1568 nonnullas
1187 1523 1284 1569 voces
1311 1521 1472 1586 genereo

284 1602 438 1685 singulari
461 1602 602 1683 diverso,
631 1604 706 1686 quin
729 1606 824 1670 etiam
847 1623 909 1668 non
930 1623 1051 1689 paucas
1075 1602 1195 1687 duplici
1217 1603 1378 1695 adhibitas
1400 1622 1470 1668 esse

284 1702 405 1767 Neuius
427 1722 502 1785 pag.
524 1703 586 1771 540
607 1724 654 1788 sq.
677 1714 741 1769 tam
770 1705 876 1769 multis
906 1702 1104 1769 confirmavit
1133 1705 1302 1788 exemplis,
1333 1711 1367 1770 ιιι
1394 1703 1471 1769 mibi

285 1803 490 1870 omittendum
512 1804 572 1884 sit,
601 1806 788 1888 praesertim
811 1824 881 1869 oum
903 1824 1090 1888 persuasum
1111 1805 1266 1885 habeam,
1290 1823 1367 1870 casu
1389 1805 1470 1870 acei-

285 1905 371 1971 disse
394 1911 443 1985 ot,
473 1923 554 1988 quae
576 1902 665 1970 initio
694 1913 827 1988 utroque
849 1906 1029 1991 promiscue
1054 1908 1186 1995 prolata
1208 1913 1315 1970 essent
1343 1924 1472 1989 genere,
1499 1922 1502 1928 ·

285 2005 372 2071 aliud
395 2006 427 2070 in
449 2004 613 2086 singulari,
642 2005 730 2071 aliud
752 2006 784 2071 in
806 2007 921 2090 plurali
945 2025 1046 2088 genus
1069 2006 1187 2070 sensim
1210 2006 1401 2090 acciperent.
1433 2006 1470 2070 In

284 2105 419 2189 singulis
447 2112 553 2190 autem
579 2106 696 2189 linguis
717 2107 900 2171 Romaniois
929 2106 1065 2171 similem
1093 2106 1259 2172 observari
1286 2106 1471 2172 uarietatem

284 2213 315 2274 et
335 2208 435 2272 multa
456 2207 657 2272 substantiva
678 2215 789 2273 nostra
811 2212 916 2272 aetate
938 2208 1002 2272 alio
1023 2205 1159 2290 proferri
1182 2226 1300 2289 genere
1322 2226 1416 2289 quam
1439 2207 1471 2271 in

283 2309 412 2391 linguae
435 2307 629 2392 primordiis,
654 2314 688 2372 ut
709 2308 862 2372 illustrem
886 2325 905 2370 a
926 2308 1091 2391 proposito
1116 2327 1187 2373 meo
1208 2308 1310 2373 abest.
1353 2306 1470 2385 Quam·
1496 2392 1499 2397 ,

283 2428 377 2493 quam
399 2407 571 2492 praecipue
593 2407 626 2470 in
647 2408 758 2490 lingua
774 2406 1007 2490 francogallioa
1028 2407 1060 2472 id
1084 2407 1178 2473 modo
1197 2408 1392 2491 singulorum
1415 2428 1470 2473 no·

283 2510 400 2574 minum
423 2527 525 2591 genus
548 2506 623 2570 mibi
645 2507 879 2591 respiciendum
902 2514 966 2588 est,
996 2507 1080 2591 quod
1103 2508 1208 2590 prisca
1230 2514 1335 2574 aetate
1358 2515 1471 2592 exstat,

284 2609 317 2674 id
339 2609 424 2692 quod
451 2614 566 2692 postea
595 2606 756 2672 hominum
785 2609 896 2691 lingua
918 2608 1034 2673 Latina
1060 2608 1253 2674 eruditorum
1283 2608 1472 2675 auctoritate

284 2715 445 2792 receptum
467 2713 529 2789 est,
551 2707 592 2772 ad
614 2708 780 2773 materiam
802 2727 907 2773 meam
929 2727 992 2772 nou
1015 2712 1159 2793 pertinet.

365 2808 430 2873 Sed
456 2827 538 2891 quae
560 2828 658 2892 supra
687 2808 753 2873 dixi
775 2810 886 2893 paucis
912 2809 1106 2875 confirmabo
1129 2810 1293 2894 exemplis.
1342 2808 1473 2875 Cocus

283 2909 395 2987 Varro,
407 2909 473 2989 alii,
486 2908 551 2972 ital.
566 2928 654 2974 cavo.
679 2930 756 2974 cocu
768 2910 875 2974 Grom.
890 2917 959 2992 etc,
972 2911 1005 2974 it.
1019 2930 1108 2990 cava,
1122 2910 1256 2995 hispan,
1271 2910 1367 3000 lusit,
1381 2929 1470 2994 prov.

283 3029 374 3091 cava,
386 3009 485 3074 franc.
501 3028 594 3089 aare,
618 3010 841 3075 cerebellos
852 3010 977 3077 Oribas.
990 3018 1058 3092 etc,
1076 3031 1173 3076 masc.
1185 3011 1360 3076 Romanici.
1391 3031 1471 3076 cerc-

283 3111 366 3176 bella
376 3108 480 3175 versio
493 3109 604 3176 Galeni
617 3117 686 3193 etc,
701 3110 734 3175 it.
747 3113 827 3195 plur.
841 3113 980 3178 eerrella
992 3118 1066 3192 etc,
1080 3114 1103 3176 d
1109 3113 1170 3177 edi
1176 3119 1237 3177 ius
1246 3111 1314 3177 Lex
1326 3112 1391 3177 Sal.
1401 3119 1471 3191 etc,

281 3210 316 3277 it.
338 3211 454 3276 debito.
497 3211 601 3277 debito
622 3211 718 3276 Thes.
741 3232 812 3278 nov.
835 3211 904 3277 Lat.
927 3212 991 3276 Mai
1013 3228 1088 3296 pag.
1110 3211 1185 3294 268,
1209 3212 1332 3297 hispan.
1356 3212 1471 3277 denda.

282 3311 381 3377 franc.
403 3311 496 3378 debte
519 3332 631 3377 comm.
654 3311 855 3396 Montaigne,
882 3320 991 3377 nostra
1014 3319 1119 3376 aetate
1142 3312 1228 3378 detto
1251 3313 1339 3394 fem.;
1360 3313 1472 3397 filas

282 3410 391 3476 Lucan
404 3418 474 3490 eto,
491 3411 592 3478 franc.
604 3411 637 3477 fil
655 3419 712 3477 etc.
733 3412 800 3494 fila
811 3412 945 3496 Capitol.
961 3413 1068 3477 Caroli
1086 3433 1115 3476 a.
1126 3411 1197 3495 790,
1216 3412 1315 3478 trane.
1330 3413 1382 3478 file
1394 3419 1470 3493 etc,

276 3511 415 3595 fotius
436 3511 540 3578 Gloss.
554 3513 662 3595 Sang,
686 3512 718 3576 it.
738 3513 847 3594 foglio.
884 3513 975 3597 folio
993 3513 1105 3578 Isidor.
1119 3519 1194 3593 eto,
1217 3513 1249 3578 it.
1273 3513 1374 3596 foglia
1396 3519 1469 3592 etc,

283 3612 419 3696 liparas
440 3611 623 3693 Gromatiei,
646 3612 739 3692 itala,
761 3612 793 3676 it.
811 3613 906 3697 legno
929 3620 988 3678 eto.
1022 3615 1109 3700 ligna
1130 3613 1205 3679 inde
1227 3634 1248 3678 a
1268 3615 1398 3680 saeculo
1419 3631 1470 3677 oc·

282 3716 372 3791 taro,
394 3711 427 3777 it.
449 3712 547 3794 legna
569 3718 628 3777 etc.
673 3714 720 3777 De
743 3712 782 3777 iis
797 3733 878 3795 quae
901 3719 973 3778 sunt
994 3733 1171 3800 organas
1192 3722 1224 3780 et
1245 3735 1368 3802 orgum
1389 3713 1473 3778 infra

283 3812 398 3877 dicam.
441 3812 597 3876 Pauciora
624 3832 685 3877 ono
713 3819 786 3893 sunt
814 3833 932 3895 genere
960 3815 1183 3880 aRomanieis
1212 3822 1357 3898 recepta,
1385 3815 1472 3879 velut

276 3912 467 3994 judicius
488 3912 872 3997 FormulaAndegavens.
889 3920 958 3996 etc,
980 3915 1013 3978 it.
1037 3914 1186 3998 giudioio.
1213 3917 1342 3994 judicio
1353 3916 1473 3981 Charta

282 4012 360 4076 itala
382 4032 411 4077 a.
435 4011 511 4092 991,
524 4013 654 4099 jugus
673 4013 756 4078 itala
777 4022 847 4097 etc,
869 4014 900 4079 it.
925 4016 1023 4099 giogo
1046 4021 1104 4080 eto.
1117 4017 1231 4104 jugies
1253 4016 1372 4082 Charta
1393 4017 1472 4081 itala

283 4131 314 4178 a.
336 4112 397 4179 761
420 4116 479 4176 etc.

365 4211 489 4277 Deinde
510 4212 693 4290 ostendam,
724 4232 821 4297 saepe
847 4215 1042 4282 feminina
1065 4219 1130 4283 vel
1157 4217 1381 4283 masculina
1403 4235 1472 4300 per

284 4312 447 4377 formam
479 4314 704 4379 neutralem
731 4315 764 4377 in
785 4315 890 4380 medio
912 4316 1049 4400 positam
1079 4318 1128 4382 ad
1157 4337 1282 4402 genus
1311 4324 1470 4382 eontra·

283 4410 382 4480 rium
410 4415 642 4486 transiisse.
686 4414 825 4485 Facilius
854 4422 960 4488 autem
989 4437 1007 4487 e
1035 4418 1155 4490 neumis
1183 4424 1214 4485 et
1242 4416 1420 4492 masculina
1439 4421 1472 4490 oi
