3388 5146
836 384 1042 452 ,10-

917 599 959 663 Π.

568 739 680 805 lernae
701 737 764 853 quil
784 738 917 805 valuerint
936 740 970 805 al
993 758 1094 824 genera
1115 738 1310 805 mmutaula.

431 877 604 957 Quoniam,
631 896 726 959 quam
749 878 813 942 late
835 878 972 961 patuerit
999 897 1150 962 generum
1178 875 1341 958 confusio,
1372 874 1532 940 nonnullis

347 976 501 1060 exemplis
523 978 732 1058 ostendimus,
758 978 844 1061 jam,
875 978 987 1060 quibus
1010 978 1103 1042 rebus
1131 977 1217 1066 tacta
1245 978 1302 1059 sit,
1332 993 1531 1059 quaeramus.

347 1078 428 1141 Ante
443 1077 548 1141 omnia
570 1098 608 1143 eo
623 1078 657 1142 id
669 1077 867 1143 referendum
883 1084 940 1157 est,
962 1077 1046 1161 quod
1061 1078 1135 1143 inde
1148 1098 1167 1142 a
1178 1079 1272 1143 tertio
1289 1084 1362 1161 post
1374 1075 1530 1141 Christum

347 1184 455 1242 natum
466 1179 596 1244 saeculo
609 1184 812 1244 extremae
826 1178 1094 1244 substantivorum
1108 1179 1315 1262 syllabae,
1330 1178 1443 1260 quibus
1457 1175 1531 1240 olim

347 1296 467 1359 genera
479 1277 752 1361 discernebantur,
773 1299 918 1345 sermone
938 1280 1099 1345 cotidiano
1121 1280 1328 1362 neglegenter
1351 1277 1532 1343 enuntiatae

346 1377 461 1460 partim
481 1378 683 1444 vehementer
697 1379 981 1457 confundebantur,
1004 1380 1118 1464 partim
1132 1378 1236 1462 magis
1249 1378 1416 1461 magisque
1439 1395 1531 1442 eva·

347 1479 579 1544 noscebant.
623 1478 732 1556 Quid?
765 1479 866 1563 quod,
894 1488 1062 1564 postquam
1090 1481 1177 1545 multi
1206 1480 1286 1545 tituli
1309 1475 1532 1543 vetustissimis

263 1652 268 1658 ,
345 1579 540 1661 temporibus
561 1579 709 1661 insculpti
739 1580 769 1643 in
800 1581 900 1646 lucem
930 1587 1002 1645 sunt
1029 1581 1120 1661 editi,
1153 1580 1313 1661 cognitum
1342 1584 1391 1643 est
1417 1599 1442 1643 ι
1465 1583 1532 1642 ets

347 1685 572 1761 consonantes,
602 1680 716 1761 quibus
751 1678 828 1744 solis
863 1680 1048 1745 nominativi
1081 1680 1253 1763 singularis
1286 1679 1531 1745 masculinorum

346 1797 385 1843 ac
406 1781 584 1843 neutrorum
607 1779 767 1845 secundae
789 1779 1010 1845 declinationis
1033 1780 1115 1845 inter
1136 1799 1171 1844 se
1200 1779 1404 1856 differebant,
1435 1796 1531 1843 enun-

344 1877 454 1943 tiando
476 1878 661 1944 obscuratas
675 1879 744 1962 jam
758 1881 946 1945 Punicorum
961 1880 1113 1945 bellorum
1135 1886 1240 1945 aetate
1257 1881 1437 1962 frequenter
1459 1896 1532 1942 esse

346 1979 490 2060 omissas,
512 1980 609 2044 veluti
630 1979 663 2043 in
685 1979 784 2044 titulis
807 1980 1061 2065 sepulchralibus
1084 1980 1277 2063 Scipionum.
1298 1980 1453 2057 ⁴Quocum
1477 1997 1531 2062 op·

345 2077 420 2144 time
442 2080 598 2161 convenit,
621 2080 705 2162 quod
727 2100 747 2145 a
768 2081 991 2148 vetustissimis
1004 2083 1217 2148 Romanorum
1233 2081 1336 2164 poetis
1354 2086 1385 2145 et
1400 2077 1530 2143 oratori·

346 2179 404 2244 bus
426 2180 504 2244 talia
525 2182 683 2245 vocabula
711 2200 774 2245 non
796 2180 840 2245 ita
861 2201 966 2265 pauca
987 2181 1122 2246 diversis
1150 2181 1230 2246 locis
1257 2180 1383 2244 diverso
1413 2197 1531 2261 genere

345 2287 418 2346 sunt
439 2284 574 2367 prolata.
607 2280 745 2347 'l'antam
766 2281 985 2347 confusionem
1008 2301 1057 2362 ea,
1080 2301 1144 2363 qua
1165 2282 1302 2359 maxime
1323 2280 1452 2345 floreret
1471 2278 1531 2344 lin·

344 2400 428 2464 guae
450 2387 600 2446 venustas
624 2388 743 2463 aetate,
777 2387 919 2447 oratores
942 2389 973 2446 et
999 2382 1217 2466 grammatici,
1245 2381 1350 2464 quoad
1372 2381 1441 2445 eius
1462 2377 1530 2444 fieri

345 2482 456 2565 potuit,
479 2501 625 2547 coercere
648 2482 834 2562 studebant3
857 2481 930 2563 sed,
954 2502 1100 2547 sermone
1122 2482 1246 2564 vulgari
1261 2486 1458 2565 propagata,
1486 2480 1532 2544 la·

346 2581 493 2646 bentibus
523 2582 617 2647 etad
649 2582 809 2647 interitum
831 2582 1037 2666 vergentibus
1066 2583 1179 2648 litteris
1201 2581 1334 2664 Latinis,
1356 2598 1532 2664 usquequa·

346 2700 407 2764 que
429 2680 551 2764 irrupit.

428 2780 541 2864 ltaque
562 2801 578 2845 s
600 2787 674 2846 etm
696 2789 908 2847 consonantes
929 2802 1048 2864 rursus,
1075 2782 1156 2847 baec
1178 2781 1219 2846 ab
1241 2790 1382 2846 extremo
1404 2780 1533 2846 saeculo

345 2880 448 2960 tertio,
470 2881 526 2946 illa
548 2882 589 2947 ab
611 2889 752 2948 extremo
774 2884 903 2948 saecule
926 2890 1039 2968 quarto
1059 2904 1091 2967 p.
1106 2881 1178 2946 Chr.
1197 2902 1226 2947 n.
1250 2881 1438 2965 saepissime
1460 2886 1533 2946 suut

346 2981 482 3064 abjecta,
504 2981 546 3050 cl.
570 2981 731 3048 Corssenii
754 2982 934 3067 librum‚qui
957 2984 1138 3048 inscribitur
1159 2982 1374 3066 ,aussprache
1396 2980 1531 3046 vocalis·

318 3166 323 3174 ι
345 3102 415 3148 mus
437 3084 502 3148 und
523 3084 685 3166 betonung
707 3086 764 3148 der
785 3083 994 3149 lateinischeu
1017 3083 1164 3169 sprache‘
1186 3083 1223 3148 I1
1244 3102 1318 3166 pag.
1342 3083 1413 3150 110.
1460 3082 1531 3159 Quo

345 3180 552 3262 factumest,
584 3190 619 3249 ut
644 3184 920 3250 terminationibus
950 3184 1136 3250 nominativi
1164 3182 1336 3266 singularis
1368 3201 1420 3246 um
1442 3188 1474 3245 et
1494 3199 1532 3245 us

345 3283 533 3364 obscuratis,
556 3291 587 3350 et
600 3285 778 3348 masculina
799 3290 830 3348 et
851 3291 965 3348 neutra
987 3284 1020 3347 in
1037 3285 1120 3349 uvel
1143 3306 1162 3350 o
1183 3286 1314 3364 exirent,
1336 3284 1414 3364 quin
1437 3282 1531 3347 etiam

344 3381 378 3447 in
411 3383 566 3467 singulari
600 3390 727 3467 praeter
759 3383 940 3448 vocativum
973 3386 1100 3449 omniuo
1133 3403 1196 3449 non
1231 3390 1338 3449 essent
1373 3382 1531 3448 distincta.

345 3483 526 3549 Earundem
545 3484 785 3549 consonantium
808 3484 840 3548 ln
854 3484 1004 3549 extremis
1020 3484 1151 3549 vocibus
1172 3483 1300 3549 interitu
1322 3482 1434 3546 tertiae
1456 3498 1532 3563 quo·

346 3601 407 3664 que
429 3583 651 3648 declinationis
672 3583 850 3648 masculina
873 3591 904 3650 et
926 3584 1080 3649 feminina
1101 3583 1142 3648 ad
1165 3591 1278 3647 neutra
1298 3583 1402 3665 magis
1425 3599 1530 3646 acces·

345 3688 461 3747 serunt.
506 3681 597 3746 Adde
620 3682 704 3764 quod
727 3684 884 3749 litteram
906 3684 937 3747 in
961 3685 1047 3749 exitu
1073 3684 1179 3749 deleta
1202 3684 1403 3747 accusativus
1423 3681 1532 3763 singu·

346 3782 423 3847 laris
441 3783 661 3847 femininorum
677 3783 800 3867 primae
818 3784 1040 3848 declinationis
1062 3784 1103 3849 ab
1126 3786 1308 3849 accusativo
1320 3782 1435 3867 plurali
1457 3799 1531 3845 neu·

346 3888 465 3948 trorum
487 3896 550 3946 non
567 3882 636 3964 jam
658 3890 784 3967 poterat
808 3883 963 3966 dignosci.
998 3875 1081 3962 Quid
1103 3884 1200 3966 igitur
1222 3893 1280 3968 est,
1303 3903 1358 3950 cur
1372 3884 1533 3961 miremur,

346 3981 373 4045 si
396 3981 562 4046 Romanici
586 4003 687 4065 genus
710 3991 852 4049 neutrum
875 4003 937 4048 non
959 3992 1163 4068 receperunt,
1186 3986 1271 4066 qued
1294 3986 1321 4048 si
1345 4000 1532 4048 conservas·

347 4086 427 4160 seut,
450 4101 564 4146 novam
582 4081 792 4148 distinctionis
806 4083 941 4149 formam
956 4084 1140 4150 debuissent
1158 4085 1288 4168 fingere.
1320 4085 1533 4148 Abolescente

345 4182 443 4265 igitur
465 4200 503 4245 ec
526 4201 653 4263 genere,
675 4184 759 4264 quod
773 4185 894 4249 Pottius
915 4186 948 4249 in
962 4186 1084 4250 llrschii
1108 4192 1139 4250 et
1162 4184 1296 4250 Gruberi
1314 4184 1532 4266 llncyclopae-

347 4282 401 4346 dia
413 4288 574 4365 postremo
594 4284 699 4348 lictum
722 4305 793 4350 esse
810 4285 1005 4368 comprobat,
1021 4287 1143 4351 formae
1161 4283 1397 4350 similitudinem
1413 4287 1535 4361 secuta,

347 4401 429 4466 quae
451 4381 606 4465 singulari
628 4383 774 4449 solebant
795 4385 931 4469 proferri
951 4392 1064 4451 neutra
1085 4387 1117 4451 in
1138 4386 1330 4465 masculina,
1360 4403 1442 4465 quae
1463 4382 1533 4466 plu·

347 4482 406 4552 rali
429 4483 462 4547 in
484 4481 637 4548 feminina
658 4503 813 4551 conversa
833 4492 916 4550 sunt.
