3388 5146
748 346 994 413 ...40-

308 522 409 589 Diem.
425 526 452 606 1,
466 525 538 605 453,
560 544 657 608 germ.
676 524 740 608 ‚die
752 526 904 592 narcisse‘
923 526 972 611 (it
989 525 1145 607 narcisso)
1162 525 1201 590 ef.
1216 546 1247 610 p.
1260 524 1301 593 39
1315 522 1376 606 ,die
1389 523 1483 604 lilie‘;

306 643 364 689 nes
391 624 473 689 enim
506 623 622 707 fleres,
656 628 709 711 qui
738 627 970 714 pulchritudine
994 628 1103 692 oeulos
1124 631 1250 692 nostres
1272 623 1431 691 delectant
1451 629 1487 689 et

306 724 401 790 tacite
423 744 462 791 ae
481 726 640 810 modeste,
669 722 704 793 ut
733 728 887 812 virginem
915 727 1021 810 decet,
1054 725 1239 793 adolescunt
1260 725 1410 791 feminino
1431 745 1484 792 so·

305 827 406 891 lemos
428 826 538 910 generi
560 828 707 894 tribuere.
750 830 830 895 Item
863 831 894 895 in
927 829 1044 913 linguis
1066 826 1249 894 Remanieis
1269 826 1486 911 ‚juneifelius‘‚

306 926 475 993 subaudita
497 948 575 994 voce
597 928 750 1012 narcissi,
784 929 966 995 femininum
1000 937 1048 996 est
1080 929 1208 996 factum.
1229 965 1270 976 -
1307 928 1486 994 hibiscus

305 1048 412 1123 graec
433 1030 522 1097 Serv.
545 1035 604 1096 ete.
625 1031 803 1112 ,hibiscum‘
822 1030 903 1096 Plin.
925 1051 956 1094 n.
979 1030 1009 1095 b.
1033 1037 1094 1096 ete.

389 1163 493 1249 Saepe
514 1164 610 1249 igitur
631 1165 673 1231 ad
694 1165 877 1233 femininum
899 1185 1001 1251 genus
1022 1167 1151 1251 plantae
1173 1170 1245 1230 sunt
1257 1163 1409 1246 deflexae,
1430 1163 1484 1230 vel

306 1263 526 1330 terminatione
558 1268 634 1349 ,us‘,
668 1287 731 1349 qua
760 1267 792 1332 iu
820 1265 950 1351 reliquis
976 1267 1202 1333 venabulorum
1232 1266 1388 1332 elassibus
1419 1285 1484 1330 nen

308 1357 401 1431 facile
432 1366 583 1430 feminina
609 1368 756 1452 praedita
783 1375 887 1450 eraut,
922 1375 1063 1450 accepta.
1106 1367 1171 1433 Sed
1193 1386 1255 1432 nen
1277 1383 1405 1450 prorsus
1425 1363 1484 1429 im·

308 1465 473 1548 probabile
492 1473 555 1547 est,
577 1468 744 1534 nonnullas
765 1468 884 1534 formas
905 1468 1091 1545 femininae,
1109 1469 1178 1552 jam
1200 1487 1221 1532 a
1241 1467 1374 1533 Graecis
1395 1485 1484 1531 usur-

307 1572 410 1650 patas,
434 1586 496 1632 non
520 1565 562 1632 ad
583 1577 722 1634 nestram
743 1575 880 1634 aetatem
902 1588 972 1634 esse
994 1568 1147 1654 proditas,
1170 1575 1253 1634 certe
1275 1573 1364 1632 erant
1384 1567 1484 1633 Grae·

308 1667 353 1733 cis
375 1687 437 1733 nen
459 1688 563 1753 pauea
582 1669 761 1754 plantarum
784 1669 913 1734 nemina
933 1668 1086 1734 feminina
1107 1669 1138 1733 in
1161 1692 1206 1744 ος.
1244 1669 1365 1733 Tamen
1381 1686 1484 1752 genus

308 1768 514 1834 masculinum
536 1769 568 1833 in
596 1769 764 1835 herbarum
794 1768 973 1834 nominibus
999 1769 1183 1854 plerumque
1212 1788 1282 1834 esse
1314 1788 1335 1833 a
1361 1768 1483 1834 Latinis

308 1867 439 1934 vitatum
462 1869 515 1934 vix
537 1869 703 1952 quisquam
724 1871 898 1954 negaverit.

390 2003 439 2068 De
461 2004 643 2071 arborum
675 2026 793 2090 genere
827 2005 964 2072 diximus
991 2025 1066 2092 pag.
1089 2003 1172 2072 5-6
1194 2009 1225 2069 et
1244 2023 1320 2088 pag.
1341 2005 1398 2085 31,
1431 2003 1485 2071 hic

307 2104 473 2190 paneade
495 2106 725 2190 significatione
754 2107 976 2193 adjungamus.
1018 2106 1065 2171 lla
1092 2105 1202 2190 igitur,
1235 2124 1324 2187 quae
1347 2105 1484 2171 botanici

308 2205 490 2273 discernunt
520 2208 551 2272 in
583 2208 743 2274 nonnullis
775 2209 939 2275 arboribus
973 2226 1093 2293 genera
1114 2205 1281 2289 naturalia,
1311 2205 1344 2270 iu
1366 2206 1483 2291 linguis

308 2305 490 2373 Romanieis
511 2327 574 2374 nou
602 2308 723 2391 magis,
756 2329 851 2392 quam
872 2309 904 2374 iu
927 2310 1037 2391 lingua
1058 2307 1218 2373 Germana
1240 2326 1357 2390 genere
1379 2326 1482 2391 gram·

308 2408 423 2473 matioo
436 2408 677 2493 distinguuntur.
708 2409 842 2475 Romani
863 2416 969 2497 tamen
992 2408 1023 2472 in
1044 2427 1106 2472 une
1129 2407 1379 2473 cortevecabule
1393 2408 1482 2474 steri·

309 2508 430 2574 litatem
453 2515 667 2595 respexerunt.
708 2510 785 2575 Cum
809 2510 891 2600 enim
913 2509 1086 2593 frugiferae
1109 2508 1240 2574 arbores
1256 2508 1408 2573 feminina
1420 2508 1484 2574 illis

309 2616 424 2691 essent,
447 2611 641 2692 ,oleastrum‘
662 2611 836 2677 masculine
858 2611 1062 2696 usurpabant,
1084 2609 1136 2693 qui
1158 2609 1190 2674 in
1213 2610 1335 2675 irenaei
1359 2609 1484 2676 demum

308 2710 564 2794 interpretatione
587 2711 618 2793 5,
641 2711 689 2793 10,
714 2713 730 2776 1
752 2711 934 2778 femininum
964 2710 1092 2794 legitur,
1126 2715 1269 2775 neutrum
1299 2700 1384 2795 apud
1414 2709 1484 2774 Oal·

309 2812 464 2897 purnium.
507 2810 599 2889 Quod
622 2811 663 2876 ad
685 2812 811 2896 linguas
833 2812 1023 2877 Remauicas
1046 2811 1166 2893 attinet,
1188 2812 1219 2875 in
1235 2810 1286 2876 bis
1305 2830 1367 2876 nen
1384 2810 1485 2876 solum

311 2913 440 2978 arbores
460 2912 492 2977 in
514 2917 573 2991 ,us‘
595 2921 746 2980 exeuntes
774 2913 951 2978 masculina
972 2919 1044 2977 suut
1065 2911 1180 2994 factae,
1203 2910 1260 2977 sed
1282 2912 1323 2976 ab
1344 2931 1382 2977 ee
1401 2910 1485 2995 qued

311 3018 359 3077 est
379 3013 483 3078 aelle
500 3012 703 3099 francogalli
726 3015 767 3098 ,le
787 3014 899 3098 saule‘,
921 3032 941 3077 a
962 3013 1059 3078 tilio
1078 3013 1182 3078 Italici
1203 3012 1328 3096 ,liglie‘,
1353 3010 1484 3077 Valaohi

310 3113 397 3197 ,tein‘
417 3114 593 3180 masculina
614 3116 804 3182 derivarunt.

392 3248 484 3327 Quod
506 3270 544 3316 ee
567 3251 691 3317 facilius
715 3249 839 3337 accidit,
862 3245 937 3333 quia
957 3269 1020 3315 vex
1042 3247 1201 3333 generalis
1222 3246 1345 3314 order
1366 3246 1408 3312 ad
1429 3266 1486 3329 ge·

311 3369 369 3416 nus
392 3351 599 3417 masculinum
614 3350 748 3432 transiit,
771 3370 833 3432 quo
855 3369 971 3434 genere
992 3350 1108 3433 legitur
1128 3350 1160 3416 in
1183 3348 1323 3434 inscript.
1342 3347 1441 3433 Lyou.
1457 3350 1488 3431 1,

311 3452 362 3533 27,
384 3451 512 3538 saepius
533 3452 565 3517 in
582 3452 685 3516 edicte
700 3449 884 3535 liutprandi
905 3450 992 3536 regis
1009 3449 1290 3535 Longobarderum
1311 3455 1342 3515 et
1363 3449 1488 3514 inflen-

313 3552 386 3618 eilio
408 3552 577 3621 Autissied.
602 3571 630 3615 a.
653 3551 731 3631 586,
752 3558 866 3636 postea
887 3552 918 3616 in
941 3552 1203 3618 ebarlaa.1127
1225 3551 1300 3635 Esp.
1326 3549 1418 3632 Sagr-
1436 3548 1488 3629 50,

312 3653 382 3732 588,
404 3652 486 3718 unde
498 3652 718 3735 Franeegallis
734 3652 849 3735 ‚arbre‘
860 3673 958 3718 masc.
972 3659 1029 3718 est
1057 3655 1104 3718 Ac
1115 3653 1256 3717 nonnihil
1270 3650 1414 3716 viderunt
1428 3649 1489 3714 viri
1513 3669 1516 3675 ’

313 3753 407 3835 decli,
430 3754 483 3835 qui
505 3771 568 3816 nen
589 3752 683 3819 mede
698 3754 824 3834 exilum,
847 3753 904 3819 sed
925 3753 1018 3818 etiam
1036 3752 1298 3836 significationem
1312 3770 1350 3816 eo
1367 3750 1489 3832 aliquid

314 3854 452 3918 valuisse
474 3859 667 3919 censuerant.
712 3853 887 3928 Masculiuo
909 3853 991 3919 enim
1013 3853 1062 3918 usi
1084 3859 1156 3917 sunt
1182 3853 1215 3917 in
1237 3851 1354 3935 linguis
1375 3851 1488 3916 Roma

313 3955 410 4036 niuis,
433 3962 467 4020 ut
480 3975 543 4019 nes
567 3954 698 4020 dicimus
719 3955 788 4037 ,der
809 3954 931 4034 banm‘,
954 3973 1023 4018 cum
1045 3973 1108 4019 nen
1129 3953 1170 4018 ad
1196 3952 1389 4018 fertilitatem
1407 3951 1488 4016 fruc-

313 4065 459 4139 tuumque
472 4053 707 4120 abundantiam
734 4056 872 4121 animum
903 4054 1117 4133 intenderent,
1148 4054 1205 4120 sed
1238 4054 1279 4119 ad
1310 4052 1488 4118 firmitatem

314 4163 345 4222 et
374 4156 570 4222 altitudinem
598 4157 760 4238 arborum,
783 4176 864 4240 quae
884 4175 1042 4243 ramorum
1064 4155 1176 4220 umbra
1197 4160 1228 4219 et
1251 4175 1271 4219 a
1299 4154 1376 4220 selis
1398 4158 1488 4219 aestu

314 4264 345 4322 et
367 4258 407 4321 ab
428 4257 543 4333 imbris
560 4258 760 4323 vehementia
780 4258 923 4323 homines
952 4262 1093 4337 tuentur,
1127 4275 1207 4339 quae
1235 4255 1330 4322 fessis
1352 4255 1488 4334 etfama

314 4359 365 4424 vel
393 4358 443 4422 siti
465 4358 555 4424 tertis
577 4359 733 4425 fruetuum
757 4359 988 4424 oblectamenta
1009 4357 1202 4446 largiuntur,
1234 4376 1315 4440 quae
1344 4356 1488 4443 omnibus

313 4459 510 4552 tempestatis
525 4459 693 4545 impetibus
714 4457 890 4550 intrepidae
912 4459 1070 4542 resistunt
1249 4444 1253 4462 ⁸
