3388 5146
648 1218 912 1316 Index.

272 1452 387 1520 Paucis
421 1452 498 1516 mihi
530 1452 626 1516 liceat
654 1469 830 1535 exponere,
866 1471 962 1533 quam
989 1452 1022 1517 in
1044 1453 1106 1518 hoe
1126 1452 1230 1519 indice
1249 1473 1374 1538 compo-

189 1550 294 1617 nendo
317 1559 443 1617 secutus
465 1553 523 1616 sim
547 1556 711 1616 rationem.
755 1551 946 1618 Enumeravi
970 1552 1076 1636 igitur,
1098 1554 1179 1618 sicut
1200 1553 1276 1618 mihi
1299 1574 1374 1640 pro·

190 1651 327 1735 positum
360 1659 422 1730 est,
460 1660 608 1716 neutra
639 1650 677 1715 in
713 1651 913 1716 feminina
947 1659 985 1717 et
1016 1654 1243 1719 masculina
1280 1673 1375 1718 con·

190 1770 324 1831 versa,
361 1751 433 1832 sed,
468 1759 502 1816 ut
534 1758 601 1816 tota
636 1752 764 1834 generis
797 1751 938 1817 neutrius
960 1772 1030 1817 oum
1053 1752 1182 1836 reliquis
1203 1755 1374 1838 generibus
1457 1833 1460 1839 ¹

191 1858 435 1934 cognosceretur
456 1852 674 1932 commutatio,
702 1870 833 1916 necesse
856 1861 939 1933 erat,
975 1859 1009 1917 ut
1030 1852 1093 1917 illis
1117 1853 1314 1919 feminina
1337 1859 1375 1919 et

190 1951 427 2029 masculina,
451 1972 554 2034 quae
575 1959 717 2017 neutra
739 1952 849 2017 taeta
871 1959 980 2033 sunt,
1002 1952 1236 2036 subiungerem.
1280 1954 1374 2020 Ter-

190 2050 272 2116 tiae
295 2059 399 2117 autem
421 2051 717 2118 declinationis
740 2054 925 2137 exempla
949 2058 1166 2127 aceterarum
1189 2054 1373 2121 declinatio-

189 2170 276 2216 num.
295 2151 460 2216 vocabulis
489 2153 701 2237 separavi,
737 2171 819 2234 quae
841 2152 1020 2237 promiscue
1043 2154 1240 2236 enumeravi,
1269 2174 1309 2221 ne
1341 2155 1373 2218 in

188 2251 282 2315 nimis
305 2251 421 2316 multos
442 2251 612 2317 laterculos
635 2252 771 2317 indicem
793 2252 954 2337 dispertiri
976 2271 1118 2335 cogerer.

272 2346 386 2416 Ae'ne
413 2351 514 2415 omnis
544 2358 768 2436 temporum
797 2352 957 2416 distinctio
980 2354 1161 2433 tolleretur,
1193 2355 1226 2417 in
1261 2360 1373 2435 quat-

188 2458 276 2516 tuor
297 2450 441 2515 distribui
464 2450 611 2535 enempla
632 2458 781 2535 partes.
823 2452 905 2516 Nam
928 2472 968 2517 ne
990 2454 1098 2517 omnia
1118 2452 1291 2518 secundum
1308 2473 1373 2518 cer-

187 2558 253 2616 tam
275 2571 428 2616 annorum
451 2550 564 2615 seriem
587 2570 826 2636 componerem,
849 2572 887 2616 eo
908 2552 1087 2636 prohibitus
1109 2573 1195 2636 sum,
1217 2552 1318 2636 quod,
1340 2553 1374 2617 id

189 2651 274 2733 quod
298 2652 393 2716 etiam
417 2657 512 2734 atque
534 2652 629 2716 etiam
651 2652 728 2716 mihi
750 2651 939 2716 monendum
964 2659 1029 2735 est,
1063 2652 1131 2718 fieri
1165 2673 1228 2717 non
1259 2653 1372 2737 potuit,

188 2761 222 2818 ut
254 2753 370 2835 ubique
401 2753 537 2836 primum
570 2752 753 2818 commutati
781 2751 908 2836 generis
932 2753 1112 2837 exemplum
1134 2752 1371 2836 investigarem.

189 2852 283 2930 Quod
304 2872 342 2918 eo
364 2853 468 2936 magis
490 2852 574 2921 mihi,
589 2853 713 2917 videtur
735 2851 963 2932 excusandum,
1002 2852 1087 2934 quod
1118 2852 1151 2917 in
1182 2853 1278 2918 medii
1301 2853 1371 2919 aevi
1439 2872 1442 2877 ⁴

188 2952 325 3036 seriptis,
348 2971 429 3033 quae
452 2957 526 3016 ante
548 2951 655 3016 omnia
677 2951 754 3015 mihi
774 2951 989 3036 perquirenda
1011 2959 1111 3032 erant,
1134 2971 1197 3016 non
1214 2953 1258 3017 ita
1274 2953 1373 3018 multa

188 3053 351 3134 leguntur,
387 3070 469 3132 quae
503 3051 564 3115 hnc
593 3057 665 3114 sunt
685 3049 864 3116 referenda.
910 3050 1051 3132 Cumque
1079 3050 1168 3114 initio
1185 3053 1372 3134 plerumque

190 3151 267 3216 mihi
294 3151 437 3232 ignotum
466 3159 566 3231 esset,
593 3169 674 3232 quae
696 3149 782 3214 illius
806 3150 920 3214 aetatis
941 3151 1131 3215 documenta
1147 3152 1285 3215 sermoni
1305 3152 1372 3217 vul·

189 3251 260 3334 gari
281 3257 349 3315 tam
371 3255 477 3315 essent
499 3250 752 3332 accommodata,
775 3257 809 3315 ut
830 3250 985 3316 eiusmodi
1008 3249 1188 3315 soloecismi
1210 3252 1243 3315 in
1263 3252 1304 3316 iis
1324 3271 1372 3318 re·

188 3352 377 3435 perirentur,
397 3370 516 3432 magna
533 3369 757 3431 nonnunquam
772 3351 934 3415 volumina
946 3350 1024 3415 mihi
1042 3351 1371 3436 erantpervolvenda,

188 3458 222 3517 ut
242 3449 395 3516 nonnulla
417 3451 601 3535 colligerem
623 3452 779 3535 exempla.

271 3551 377 3616 Primo
400 3552 496 3635 igitur
516 3553 587 3617 loco
609 3551 641 3616 in
663 3550 798 3633 singulis
819 3551 981 3636 partibus,
1004 3549 1176 3616 secundum
1198 3570 1318 3634 genera
1339 3557 1371 3619 et

188 3653 417 3718 declinationes
450 3651 651 3738 compositis,
686 3651 775 3715 attuli
810 3651 957 3735 exempla
984 3651 1149 3735 priscae
1179 3650 1370 3735 Latinitatis,

188 3753 303 3819 deinde
331 3741 480 3817 aureae
502 3771 596 3836 quam
618 3770 787 3832 vocamus,
820 3770 902 3833 quae
925 3771 945 3815 a
966 3751 1109 3816 Varrone
1131 3750 1294 3834 usquead
1316 3771 1370 3817 ex-

188 3873 311 3918 cessum
343 3852 419 3917 Divi
441 3852 577 3936 Augusti
597 3852 749 3936 pertinet,
771 3858 847 3936 post
868 3859 1090 3934 argenteae
1112 3860 1148 3917 et
1168 3850 1369 3935 posterio-

187 3952 262 4030 ris,
283 3953 455 4037 praecipue
478 3951 765 4017 ecclesiasticorum
787 3971 886 4034 usque
909 3952 950 4015 ad
972 3951 1065 4015 finem
1087 3951 1168 4016 sexti
1190 3957 1263 4034 post
1280 3950 1369 4015 Chri·

188 4060 270 4120 stum
292 4060 401 4118 natum
422 4053 552 4133 saeculi,
574 4059 732 4134 postremo
754 4052 874 4117 medii
896 4052 998 4132 aevi,
1023 4051 1108 4133 quod
1131 4069 1191 4132 ego
1214 4050 1283 4134 ipse
1304 4071 1368 4115 non

187 4156 271 4235 ultra
293 4155 455 4219 saeculum
477 4152 696 4217 duodecimum
719 4158 935 4238 perscrutatus
958 4171 1038 4232 sum,
1061 4150 1117 4216 sed
1139 4169 1243 4234 pauca
1263 4156 1368 4235 poste·

187 4254 273 4320 riora
287 4273 328 4319 ex
340 4254 464 4337 Uangio
476 4253 665 4338 deprompta
681 4252 802 4316 addidi.
834 4252 902 4316 Ins
913 4251 1135 4335 criptiones
1152 4257 1267 4334 autem,
1290 4271 1367 4333 qua·

187 4375 256 4422 rum
278 4360 368 4420 aetas
389 4373 449 4439 pro
470 4360 556 4419 certo
578 4353 739 4438 explorari
760 4370 824 4416 non
845 4358 966 4436 potest,
995 4351 1108 4416 tertiae
1133 4352 1217 4434 parti
1238 4351 1367 4432 inserui,

188 4475 259 4523 cum
273 4455 336 4520 illis
348 4455 543 4540 temporibus
564 4455 734 4539 plerasque
756 4474 827 4520 csse
852 4453 1044 4537 compositas
1067 4460 1247 4536 appareret.
1275 4452 1368 4531 Quod

214 4557 316 4611 Appel,
331 4558 358 4597 de
371 4561 451 4597 nenne
464 4558 597 4603 intereunte,
1105 4546 1107 4550 -
1137 4553 1158 4621 4
