3388 5146
658 415 699 424 ..
740 377 780 444 35
821 415 862 425 ..

732 557 790 623 ΙΙΙ.

405 695 568 778 Significatio
590 695 651 780 quil
671 694 785 761 valuerit
805 693 839 758 ad
860 712 943 777 genus
966 693 1127 757 mutandum.

257 847 299 912 Ut
330 846 452 912 formae
485 845 653 930 plurimum
685 845 880 911 contuleruut
911 842 952 909 ad
981 862 1101 927 genera
1122 843 1351 925 constituenda,

176 948 221 1012 ita
243 947 484 1031 significationis
513 947 652 1030 aliquam
683 945 782 1012 fuisse
804 944 868 1011 vim
888 944 947 1010 viri
970 944 1053 1010 docti
1074 945 1287 1012 verisimiliter
1308 946 1353 1011 vi·

177 1048 288 1114 dentur
308 1049 499 1130 coniecisse,
521 1054 690 1133 propterea
711 1047 795 1131 quod
818 1066 887 1113 cum
910 1047 940 1110 in
963 1045 1107 1113 omnibus
1129 1046 1223 1112 rebus
1244 1047 1352 1112 huma·

177 1149 243 1229 nis,
275 1155 340 1214 tum
368 1148 400 1214 in
423 1150 531 1233 lingna
552 1151 682 1215 multum
705 1147 823 1213 rationi
845 1152 893 1212 est
913 1146 1121 1213 tribuendum.
1164 1146 1236 1212 Jam
1257 1147 1354 1232 prisci

177 1250 325 1329 Romani,
353 1252 381 1314 si
404 1250 479 1316 duo
501 1255 591 1316 erant
612 1249 751 1316 eiusdem
775 1248 881 1333 stirpis
902 1247 1169 1313 substantivorum
1191 1247 1354 1332 formae,

177 1357 407 1433 nonnunquam¹
427 1351 476 1416 bis
511 1351 553 1416 ad
587 1348 913 1437 significationis
943 1348 1219 1414 differentiam
1248 1348 1353 1433 expri-

176 1451 323 1515 mendam
343 1451 393 1517 usi
417 1459 498 1518 sunt.
534 1452 692 1537 Imprimis
730 1451 895 1516 arbores
932 1456 963 1515 et
994 1450 1105 1533 ligna
1133 1448 1207 1516 inde
1229 1456 1354 1534 sumpta

177 1552 360 1635 plerumque
381 1553 426 1618 ita
446 1553 738 1637 distinguebantur,
766 1557 800 1617 ut
825 1552 900 1617 illae
921 1549 1070 1617 feminino
1092 1569 1208 1633 genere
1232 1551 1264 1614 in
1285 1557 1354 1633 ,us‘,

178 1651 258 1717 haec
280 1659 389 1718 neutro
411 1653 444 1718 iu
466 1657 540 1732 ,um‘
560 1654 749 1734 desinerent,
772 1652 811 1718 cf.
832 1652 994 1720 Neubdb.
1037 1650 1161 1716 Deinde
1181 1653 1311 1717 uoltus
1324 1657 1356 1716 et

178 1753 325 1817 uultum
348 1755 433 1838 apud
455 1753 607 1839 plurimos
628 1762 772 1820 auctores
793 1754 874 1820 inter
903 1772 938 1818 se
971 1751 1132 1834 differunt,
1165 1771 1355 1835 quamquam

180 1852 299 1918 Caesar
319 1855 506 1939 compluries
528 1855 733 1921 masculinum
755 1874 813 1940 pro
835 1860 945 1919 neutro
974 1852 1078 1937 ponit,
1110 1850 1150 1916 cf.
1172 1852 1309 1918 indicem
1330 1871 1355 1917 s.

179 1974 207 2018 v.
228 1954 377 2036 ,venunt
410 1957 450 2021 ldt
471 1957 595 2039 ,vallus‘
608 1957 733 2039 quidem
748 1956 788 2021 de
802 1975 865 2020 uuo
886 1955 962 2039 palo
986 1954 1027 2019 ad
1048 1952 1250 2019 muniendum
1271 1958 1356 2038 apto,

59 2119 71 2151 ο
177 2056 318 2138 ,vallum‘
337 2057 609 2123 sensu‘collectivo
623 2057 663 2122 de
684 2059 876 2122 munimento
898 2075 938 2120 ex
959 2055 1066 2120 multis
1087 2052 1171 2138 palis
1194 2059 1357 2119 constante

179 2156 355 2237 dicebatur,
392 2178 409 2223 e
442 2159 600 2223 contrariu
625 2160 740 2244 pilus
765 2156 940 2223 masculino
962 2174 1079 2239 genere
1100 2154 1140 2219 de
1168 2154 1296 2220 cohorte
1318 2175 1358 2220 ex

181 2257 313 2341 singulis
326 2258 410 2343 pilis,
433 2259 501 2325 sive
522 2259 627 2343 potius
650 2259 828 2325 bominibus
850 2256 924 2342 pilis
946 2256 1272 2322 armatis'constante.
1307 2244 1373 2319 In?

181 2358 299 2442 spicias
330 2361 465 2444 exempli
496 2380 596 2426 causa
622 2359 759 2425 indicem
788 2360 828 2425 de
856 2359 897 2424 iis
926 2377 1007 2440 quae
1036 2361 1109 2422 sunt
1138 2358 1359 2441 scrupulus

181 2466 212 2523 et
232 2461 472 2544 scrupulum
494 2461 584 2527 etde
608 2481 645 2528 eo
669 2460 753 2544 quod
775 2466 822 2526 est
843 2479 987 2525 teucer
1007 2477 1104 2524 masc.
1128 2463 1159 2523 et
1180 2466 1281 2526 neutr.
1324 2456 1359 2523 Si

181 2558 223 2623 ad
244 2559 370 2642 linguas
392 2561 582 2627 recentiores
604 2569 796 2647 spectamus,
817 2560 1004 2644 saepissime
1027 2578 1146 2642 genera
1168 2558 1297 2625 diversa
1317 2557 1360 2624 ad

181 2660 403 2726 subtilissimas
427 2662 643 2729 distinctiones
665 2664 882 2746 designandas
904 2660 1021 2745 optime
1043 2661 1189 2744 usurpari
1205 2659 1358 2726 videmus.

262 2764 309 2828 Ac
330 2763 431 2846 primo
454 2763 536 2828 hanc
557 2764 788 2831 distinctionem
811 2763 976 2829 clariorem
999 2760 1066 2826 lieri
1089 2763 1121 2826 in
1153 2760 1359 2847 epicoenis

182 2862 341 2929 hominum
371 2870 402 2929 et
430 2865 589 2930 brutorum
613 2866 794 2931 animalium
823 2862 1042 2949 appellativis,
1078 2880 1195 2945 genere
1222 2861 1359 2927 naturali

178 2965 368 3048 postulante,
392 2984 524 3030 necesse
540 2972 617 3031 erat.
653 2965 761 3030 Pauca
782 2964 930 3047 colligam
953 2961 1119 3043 vocabula,
1142 2981 1234 3044 quae,
1257 2961 1358 3046 primo

183 3062 351 3148 epicoena,
383 3071 497 3149 postea
527 3064 560 3128 in
588 3065 796 3130 masculinum
828 3070 859 3127 ct
891 3060 1077 3131 femininum
1106 3067 1256 3147 separata
1278 3067 1359 3127 sunt.

183 3162 313 3247 Lupus
325 3165 365 3229 de
377 3165 494 3229 femina
506 3165 647 3230 Naevius
657 3164 689 3228 in
703 3163 831 3228 fabulae
844 3163 934 3227 titulo
950 3162 1125 3247 (,Romulus
1137 3162 1204 3226 sive
1218 3162 1360 3247 Lupus),

182 3264 285 3349 ,lupus
318 3264 447 3330 femina‘
479 3265 614 3346 Ennius,
647 3262 767 3330 Fabius
797 3262 917 3342 Pictor,
948 3263 1055 3328 Varro.
1085 3262 1183 3345 ,lupa‘
1210 3259 1278 3325 Liv.
1301 3266 1359 3325 etc.

185 3365 222 3432 fr.
245 3366 286 3447 ,le
308 3366 399 3450 loop,
423 3367 455 3431 la
475 3366 589 3431 louve‘.
610 3364 761 3429 Porcus
783 3362 856 3428 fem.
879 3383 951 3448 gen.
975 3363 1054 3429 Cato
1077 3383 1116 3428 ac
1137 3361 1202 3428 Cic.
1225 3366 1360 3446 ,porcus‘

185 3465 223 3531 de
239 3466 359 3531 femina
371 3466 435 3533 Cic.
448 3465 536 3546 Liv,
546 3466 610 3530 alii.
633 3486 741 3550 ,porco
755 3466 860 3529 caesa‘
875 3465 967 3548 Verg.
991 3465 1031 3529 cl.
1047 3464 1127 3529 Neu.
1140 3463 1210 3531 617.
1232 3461 1311 3527 Inde
1326 3462 1360 3527 it.

183 3587 307 3651 ,porco,
335 3572 453 3652 porca‘.
496 3566 534 3632 Id
556 3566 639 3651 quod
663 3573 711 3631 est
731 3586 827 3651 oper
848 3572 879 3631 et
900 3565 940 3631 de
961 3564 1101 3630 maribus
1123 3562 1214 3628 etde
1235 3561 1362 3629 feminis

184 3670 329 3753 usurpari
351 3668 451 3734 Varro
475 3672 715 3749 commemorat,
751 3673 781 3731 et
809 3666 924 3749 legitur
945 3669 1045 3751 ,aper‘
1067 3664 1106 3730 de
1129 3663 1253 3729 feminis
1276 3662 1361 3749 apud

184 3770 319 3836 Phaedr.
344 3769 412 3835 Val.
426 3769 510 3834 Max.
530 3770 612 3835 Petr.
635 3776 693 3834 etc.
715 3788 798 3853 apro
818 3767 897 3832 Plin.
921 3768 991 3835 Sec.
1009 3787 1060 3852 ap,
1082 3767 1180 3832 Prisc.
1192 3767 1233 3834 H.
1246 3768 1274 3847 1,
1289 3764 1360 3846 233,

185 3871 226 3937 of.
237 3871 326 3935 Neue
343 3869 413 3938 610.
447 3869 574 3953 Lepus
597 3870 698 3952 primo
720 3888 817 3937 masc.
842 3868 935 3933 etiam
958 3868 997 3934 de
1019 3867 1144 3934 feminis
1165 3865 1362 3951 parientibus
1441 3951 1444 3958 Ι

185 3972 235 4035 vel
259 3969 517 4054 concipientibus,
542 3970 614 4035 fem.
636 3970 713 4035 Hor.
736 3989 829 4035 serm.
851 3969 881 4051 2,
903 3970 933 4049 4,
955 3969 1005 4034 44.
1038 3969 1078 4033 cf.
1100 3967 1180 4033 Neu.
1199 3967 1269 4034 614.
1299 3987 1361 4030 cc·

186 4069 320 4135 bullus
339 4089 436 4136 masc.
466 4072 591 4136 caballo
613 4071 651 4135 de
673 4072 803 4135 muliere
824 4069 952 4134 Antbol.
973 4068 1009 4135 L.
1021 4069 1063 4151 II,
1085 4068 1147 4136 268
1169 4067 1268 4151 epigr.
1291 4066 1361 4134 166.

186 4172 235 4236 Ea
255 4170 350 4253 igitur
371 4172 441 4235 sola
464 4169 615 4235 animalia
635 4170 737 4255 primo
760 4190 877 4254 genere
893 4171 1100 4252 grammatico
1117 4174 1190 4234 sunt
1204 4167 1362 4248 distincta,

187 4291 318 4355 quorum
340 4291 440 4354 genus
461 4272 604 4338 naturale
626 4277 659 4335 ut
680 4270 904 4347 discernerent,
926 4270 1068 4336 homines
1091 4275 1144 4334 aut
1165 4273 1233 4333 tota
1256 4266 1362 4351 specie

186 4373 307 4439 bestiae
329 4378 361 4437 et
381 4371 488 4439 indole
510 4371 739 4439 adducerentur
760 4376 814 4435 aut
834 4389 893 4438 usu
915 4371 1075 4438 cotidiano
1096 4375 1127 4435 ct
1148 4387 1207 4434 sua
1229 4366 1362 4435 utilitate

186 4479 382 4559 cogerentur.
