3388 5146
825 369 1028 438 ..14-

339 541 425 614 circa
446 566 562 615 annum
584 550 647 620 840
668 550 809 635 scripsit,
839 552 995 636 cap.100
1021 552 1072 633 ‚de
1099 552 1267 636 impiorum
1295 573 1402 640 poena
1429 553 1515 619 solli·

337 648 428 729 citus,
449 649 489 716 de
508 651 648 735 paradisi
670 652 809 735 gaudia‘.
853 652 944 718 Adde
966 654 1103 739 exempli
1125 673 1236 721 causa:
1258 654 1515 739 ,capita-inculta

336 749 545 836 squalidaque
580 752 683 817 barba
713 753 914 819 incedebant
946 753 1065 818 Obarta
1092 754 1256 820 Secusian.
1290 755 1374 821 Mon.
1399 748 1444 823 Ἡ.
1477 756 1513 820 Ρ.

336 850 393 915 (lb.
415 849 607 936 1,362,41;
628 859 726 934 ,terra
746 852 915 935 pacificata
936 860 968 920 et
988 862 1189 921 sacramenta
1211 855 1297 921 data‘
1319 856 1416 945 Andr.
1438 857 1513 921 Ber·

335 970 419 1035 gam.
433 953 467 1032 b;
490 950 540 1027 ,de
562 953 628 1020 vita
650 960 681 1020 et
702 954 841 1021 claustra
862 955 1098 1021 monachorum‘
1119 955 1160 1020 M.
1184 957 1222 1021 Η.
1245 957 1279 1020 Ρ.
1301 956 1358 1022 ch.
1380 957 1406 1038 Ι,
1428 957 1512 1024 90a.

334 1052 411 1134 8983
440 1062 601 1140 ,excerpto
623 1055 737 1137 herba,
766 1074 851 1137 aqua
874 1063 905 1121 et
927 1056 1027 1140 ligna‘
1056 1056 1182 1141 Pippini
1204 1056 1241 1122 R.
1263 1057 1367 1143 Capit.
1390 1078 1419 1123 a.
1441 1057 1512 1125 768.

334 1153 417 1221 Mon.
439 1155 544 1221 Germ.
566 1155 644 1240 Leg.
667 1156 707 1237 Il,
730 1157 779 1239 14,
800 1158 831 1225 7.
874 1156 996 1235 Quibus
1023 1157 1168 1223 omnibus
1196 1158 1276 1224 locis
1304 1158 1433 1224 dubium
1455 1169 1513 1241 est,

334 1261 435 1321 utrum
458 1275 550 1323 casus
573 1257 695 1324 confusi
725 1258 803 1339 sint,
838 1276 879 1322 an
907 1258 1065 1324 vocabula
1086 1259 1144 1325 illa
1165 1279 1235 1324 cum
1257 1258 1417 1325 femininis
1440 1279 1513 1325 oon-

329 1356 450 1439 juncta,
478 1357 665 1443 praesertim
693 1357 720 1423 si
749 1365 864 1443 postea
891 1346 933 1423 ad
955 1377 1056 1442 genus
1078 1359 1262 1427 femininum
1285 1359 1410 1425 detorta
1430 1368 1513 1441 sunt,

333 1458 499 1525 muliebria
520 1458 583 1525 sint
603 1458 758 1524 ducenda.
800 1459 840 1525 Et
861 1458 938 1524 mibi
960 1459 1104 1542 quidem,
1131 1460 1185 1543 qui
1206 1459 1251 1525 ita
1272 1458 1435 1541 dicebant,
1457 1481 1512 1544 ge·

333 1559 417 1625 neris
445 1559 653 1626 differentiam
681 1558 751 1642 jam
784 1579 847 1625 non
878 1559 1025 1625 videntur
1051 1560 1203 1626 sensisse.
1251 1560 1373 1627 Eodem
1408 1569 1512 1628 autem

333 1660 437 1726 studio
459 1661 711 1737 homoeoteleuti,
734 1661 817 1744 quod
839 1660 871 1725 in
894 1661 1111 1741 substantivis,
1137 1662 1189 1727 vel
1209 1662 1293 1728 nude
1313 1662 1438 1748 positis,
1460 1665 1512 1729 vel

333 1780 403 1827 oum
425 1761 592 1845 adjectivis
613 1761 805 1846 conjunctis,
834 1780 875 1826 ue
897 1759 1035 1846 optimae
1058 1760 1184 1844 quidem
1208 1762 1322 1828 aetatis
1343 1771 1459 1848 poetae
1481 1771 1514 1829 et

332 1868 475 1928 oratores
488 1862 608 1946 lugere
628 1869 682 1928 aut
703 1862 873 1929 studebant
888 1870 943 1928 aut
957 1867 1113 1947 poterant,
1138 1863 1333 1930 consuetudo
1347 1865 1404 1930 illa
1417 1865 1512 1930 latius

331 1964 446 2047 patuit,
480 1983 542 2045 quo
570 1963 734 2030 Romanici
763 1974 874 2029 versus
905 1963 937 2028 in
968 1963 1064 2029 simili
1090 1981 1170 2030 sono
1193 1964 1337 2048 syllabas
1359 1974 1513 2032 exeuntes

331 2065 573 2150 componebant.

414 2164 570 2243 Quoniam
587 2184 669 2248 quae
688 2164 783 2229 fuerit
796 2163 1051 2230 terminationum
1064 2165 1303 2231 obscuraturum
1317 2184 1511 2249 casuumque

330 2267 498 2334 mixtorum
519 2265 584 2348 uis,
618 2265 696 2331 satis
729 2263 821 2330 nobis
850 2264 994 2331 videmur
1024 2265 1211 2347 illustrasse,
1246 2286 1329 2331 nunc
1361 2267 1510 2332 numeri

329 2368 506 2453 pluralis
529 2386 612 2432 cum
641 2365 844 2449 singulari
873 2365 1153 2432 confusionem
1176 2386 1387 2452 exponemus,
1417 2385 1508 2449 quae,
1581 2368 1584 2377 ’

330 2490 403 2535 cum
428 2468 615 2553 saepissime
646 2466 750 2549 tieret,
780 2466 923 2531 nonnihil
954 2466 1084 2532 contulit
1106 2467 1147 2532 ad
1169 2473 1282 2534 neutra
1302 2467 1335 2532 io
1358 2466 1507 2533 feminina

330 2570 452 2655 primae
482 2567 702 2635 declinationis
731 2566 961 2648 convertenda,
993 2569 1180 2652 praesertim
1209 2588 1279 2636 cum
1307 2575 1508 2650 utrorumque

330 2669 515 2736 nominativi
538 2669 570 2733 in
591 2671 635 2751 ,a‘
656 2668 847 2744 desinerent,
868 2670 1058 2752 accusativi,
1087 2670 1194 2736 littera
1221 2675 1273 2754 ,m‘
1303 2671 1335 2735 in
1356 2669 1419 2735 fine
1440 2687 1508 2735 sae-

330 2772 461 2856 pissime
483 2772 618 2851 abjecta,
641 2769 718 2835 nibil
740 2769 806 2835 fere
828 2769 909 2834 inter
931 2789 966 2835 se
988 2769 1169 2854 differrent,
1191 2791 1249 2856 pro
1272 2770 1413 2838 ablativo
1434 2789 1508 2836 neu·

330 2878 448 2938 trorum
477 2871 657 2956 frequenter
684 2869 885 2936 accusativus
916 2890 986 2936 cum
1014 2871 1234 2938 femininorum
1263 2872 1405 2938 ablativo
1436 2890 1509 2935 con-

330 2974 460 3040 veniens
483 2978 660 3057 poneretur.
703 2971 815 3054 Itaque
836 2973 989 3037 nonnulla
1013 2981 1140 3056 neutra,
1174 2993 1256 3058 quae
1282 2972 1419 3056 pluralia
1440 2977 1508 3036 tan·

329 3080 395 3140 tum
417 3075 670 3156 enuntiabantor,
693 3073 804 3158 primis
824 3079 898 3157 post
916 3072 990 3139 cnr.
1004 3094 1035 3139 n.
1059 3075 1197 3141 saeculis
1218 3073 1251 3139 in
1273 3073 1426 3140 feminina
1437 3079 1509 3136 sont

331 3195 494 3243 conversa.
542 3174 636 3241 Velut
666 3177 793 3257 ,castra‘
823 3176 855 3239 in
886 3174 982 3257 Itala,
1015 3177 1141 3262 ,spolia‘
1173 3175 1259 3259 apud
1287 3173 1508 3257 Augustinum,

328 3281 441 3360 ,arma‘
461 3275 494 3341 iu
516 3275 663 3342 Rotbaris
684 3276 756 3359 lege
778 3274 1023 3358 Longonardioa
1044 3276 1196 3342 feminina
1218 3275 1373 3359 leguntur.

412 3376 635 3455 Quaerendum
664 3381 713 3440 est
739 3375 853 3459 igitur,
886 3376 1012 3459 quaudo
1040 3378 1174 3461 primunr
1197 3378 1229 3442 iu
1251 3376 1363 3442 litteris
1385 3373 1507 3440 Latinis

330 3478 462 3565 pluralis
483 3483 664 3542 neutrorum
685 3482 812 3560 praeter
834 3476 1055 3544 necessitatem
1076 3477 1256 3560 frequenter
1271 3478 1313 3543 sit
1329 3481 1506 3561 usurpatus.

330 3579 402 3658 Qua
423 3579 463 3644 de
484 3598 519 3643 re
542 3578 569 3642 si
592 3576 687 3660 paulo
709 3576 869 3661 copiosius
891 3578 1011 3658 dicam,
1039 3579 1116 3643 viris
1138 3579 1240 3644 doctis
1262 3597 1325 3643 non
1347 3578 1505 3661 ingratum

329 3702 379 3748 me
403 3681 558 3747 facturum
581 3696 651 3745 esse
674 3677 807 3756 confido,
829 3679 905 3760 quia
927 3700 966 3745 ea
987 3700 1068 3764 quae
1084 3680 1337 3746 commemorabo
1350 3677 1392 3742 sd
1405 3678 1508 3760 ipsam

330 3782 472 3849 carmina
493 3777 716 3863 compingendi
739 3779 823 3863 apud
845 3786 957 3863 poetas
978 3780 1110 3846 Latinos
1130 3780 1285 3846 rationem
1309 3780 1395 3845 haud
1416 3777 1508 3863 parvi

330 3890 402 3948 sunt
422 3881 582 3947 momenti.
625 3882 672 3945 Ac
703 3880 960 3947 consuetudinem
991 3881 1078 3947 illam
1107 3902 1128 3946 a
1154 3882 1286 3965 poetis
1315 3887 1351 3945 et
1373 3878 1508 3965 epicis

330 3990 369 4049 et
390 3982 607 4065 elegiacis,
640 3981 721 4047 inter
748 4000 826 4064 quos
849 4001 919 4048 com
940 3981 1043 4067 major
1069 4001 1217 4048 numerus
1237 3987 1401 4067 poetarum
1422 3978 1507 4044 Lati·

329 4104 449 4162 norum,
471 4089 537 4148 tum
560 4082 597 4161 ii,
629 4083 681 4165 qui
703 4089 737 4148 ut
757 4083 886 4165 ingenio
908 4089 1002 4167 atque
1025 4085 1226 4167 auctoritate,
1259 4082 1304 4147 ita
1327 4087 1508 4167 poematum

329 4183 527 4250 multitudine
549 4183 705 4266 eminent,
727 4183 885 4249 referendi
907 4190 995 4267 sunt,
1018 4192 1119 4250 ortam
1141 4205 1223 4267 esse,
1246 4184 1274 4251 si
1296 4184 1392 4267 paulo
1414 4199 1508 4246 accu-

329 4284 427 4351 ratius
450 4284 705 4368 inquisiverimus
726 4284 758 4348 in
780 4283 869 4370 illos,
904 4286 1143 4370 perspiciemus.
1186 4287 1233 4353 Ae
1254 4292 1354 4353 metro
1379 4289 1508 4349 coactos

329 4406 400 4454 esse
422 4392 544 4470 poetas,
566 4393 601 4452 ut
621 4405 661 4452 ea
681 4385 809 4452 lieentia
829 4392 999 4468 uterentur,
1022 4393 1165 4473 apparet.

411 4488 474 4553 Sed
497 4487 681 4575 priusquam
705 4487 833 4554 adrem
856 4489 958 4573 ipsam
981 4489 1182 4574 perveniam,
1212 4488 1249 4570 ii,
1274 4486 1327 4570 qui
1349 4495 1444 4552 antea
1466 4483 1508 4550 de
