3388 5146
677 357 882 428 ..13-

273 547 300 611 E
322 543 498 610 masculino
520 542 551 608 in
576 540 759 608 femininum
782 541 843 606 hoc
855 541 950 607 modo
968 556 1153 606 conversum
1173 544 1222 606 est
1234 536 1370 623 exempli

191 667 308 713 causa:
342 664 467 732 parpes.
500 646 624 727 ,gurga‘
646 643 754 710 Grom.
788 643 842 708 lat.
875 663 906 727 p.
928 641 998 710 330.
1030 642 1064 706 it.
1097 645 1221 725 ,gorga‘
1250 647 1310 706 etc.
1329 677 1370 688 —

189 746 332 833 ,gurgbs‘
355 745 452 811 Marc.
475 744 566 828 Hisp.
589 746 650 810 col.
671 743 732 812 875
755 762 782 806 a.
806 744 875 810 957.
898 742 932 808 it.
954 744 1077 825 ,gorgo‘
1098 747 1157 808 etc.
1200 739 1297 821 Dies,
1320 740 1369 804 Et.

191 849 239 914 W.
261 849 330 930 170,
353 853 463 912 contra
485 865 502 911 e
525 844 676 911 feminino
697 843 730 908 in
751 843 957 909 masculinum
980 842 1149 909 carduelis.
1191 840 1371 921 ,cardellus‘

192 951 242 1017 Gl.
263 949 326 1014 Mai
350 948 396 1016 01.
419 949 510 1012 Auct.
533 946 564 1029 7,
585 945 656 1013 750.
679 943 881 1029 ,carduellus‘
903 950 962 1011 etc.
1000 941 1146 1008 Dieieub.
1168 956 1241 1009 nov.
1263 942 1369 1009 Gloss.

191 1052 225 1115 it.
247 1050 418 1132 ,cardello‘.
442 1085 482 1096 -
526 1046 591 1113 Sed
619 1066 659 1112 ne
685 1045 719 1110 id
742 1044 868 1127 quidem
890 1043 1202 1128 praetermittendum
1224 1049 1290 1125 est,
1312 1061 1370 1126 pro

192 1150 355 1216 vocabulis
377 1148 560 1234 primitivis,
583 1167 665 1232 quae
686 1145 845 1212 secundae
869 1152 960 1210 erant
977 1143 1217 1226 declinationis,
1239 1143 1385 1228 saepius

192 1250 444 1335 augmentat-iva,
467 1268 547 1333 quae
569 1248 662 1314 tertia
682 1245 905 1328 flectebantur,
934 1247 965 1309 in
987 1264 1131 1312 sermone
1153 1243 1278 1329 vulgari
1300 1264 1371 1310 esse

191 1353 305 1438 posita.
349 1351 444 1417 Velut
465 1357 496 1417 et
516 1350 667 1434 ,scopius‘
688 1354 720 1413 et
747 1347 880 1431 ,scopio‘
907 1353 1032 1413 veteres
1061 1346 1194 1411 Romani
1223 1345 1372 1412 dicebant

192 1473 230 1519 ac
250 1474 310 1538 pro
331 1452 484 1535 ,trulleus‘
505 1450 633 1533 ,trullio‘
655 1449 806 1515 exhibent
828 1447 907 1514 Plin.
929 1447 1001 1512 Val.
1024 1453 1055 1512 et
1075 1446 1135 1512 Th.
1157 1448 1255 1513 Prisc.
1270 1448 1301 1528 4,
1324 1448 1352 1511 1.

274 1554 446 1618 Praeterea
473 1571 609 1633 casus,
642 1550 813 1635 praecipue
842 1549 1001 1615 ablativus
1028 1554 1059 1613 et
1080 1547 1280 1614 accusativus
1301 1565 1371 1611 cum

192 1653 481 1737 praepositionibus
509 1651 682 1735 conjuncti,
715 1650 747 1715 in
775 1651 885 1733 lingua
907 1648 1031 1732 vulgari
1053 1649 1095 1714 ab
1117 1648 1244 1714 ineunte
1266 1645 1370 1712 medio

193 1772 285 1835 aevo,
309 1758 340 1818 et
362 1753 465 1835 magis
487 1752 581 1817 etiam
604 1751 677 1817 iude
699 1770 719 1815 a
742 1758 854 1833 quarto
870 1771 900 1835 p.
915 1749 971 1815 Oh.
988 1770 1018 1816 n.
1032 1750 1171 1830 saeculo,
1192 1747 1371 1834 promiscue

192 1851 258 1920 fere
280 1849 353 1919 sunt
373 1852 484 1938 positi,
522 1871 560 1918 ac
586 1851 719 1938 primum
740 1851 866 1934 quidem
888 1851 920 1915 in
943 1869 1073 1916 numero
1100 1849 1268 1933 singulari,
1301 1867 1370 1913 cum

192 1954 297 2019 littera
319 1957 382 2036 ,m‘,
411 1960 506 2039 prout
527 1952 638 2036 cuique
660 1953 797 2035 libebat,
827 1951 859 2017 iu
889 1951 1072 2018 accusativo
1100 1951 1296 2016 omitteretur
1317 1954 1372 2017 aut

192 2053 387 2136 retineretur,
410 2054 443 2118 in
464 2054 605 2119 ablativo
626 2053 813 2119 adiceretur.

275 2155 397 2221 Deinde
420 2154 489 2237 ubi,
515 2154 602 2220 velut
629 2154 661 2219 iu
688 2153 871 2219 accusativo
893 2160 924 2218 et
946 2151 1086 2219 ablativo
1108 2150 1242 2237 pluralis
1265 2149 1317 2215 vel
1337 2149 1371 2215 in

192 2256 378 2339 pronomine
399 2255 459 2338 ,is‘,
482 2254 678 2338 singulorum
701 2274 830 2320 casuum
852 2254 975 2320 formae
992 2253 1077 2320 clare
1093 2260 1184 2318 erant
1194 2251 1370 2334 distinctae,

193 2355 379 2439 saepissime
404 2356 472 2439 jam
500 2355 610 2440 primis
641 2363 715 2441 post
743 2354 901 2421 Christum
929 2361 1038 2420 natum
1066 2354 1202 2421 saeculis
1226 2372 1371 2419 sermone

193 2455 318 2539 vulgari
339 2457 441 2520 altera
462 2456 554 2522 alteri
575 2458 747 2523 substituta
768 2462 825 2524 est.
859 2457 997 2523 Maxime
1018 2454 1286 2541 praepositionum
1300 2473 1371 2519 cum

192 2556 397 2621 substantivis
419 2556 673 2640 conjunctarum,
706 2558 875 2641 praecipue
897 2555 1143 2643 praepositionis
1165 2558 1229 2638 ,in‘,
1252 2556 1371 2638 quippe

191 2675 273 2738 quae
295 2664 327 2724 et
347 2658 487 2724 ablativo
509 2665 541 2723 et
561 2658 743 2725 accusativo
766 2658 951 2741 adderetur,
980 2677 1061 2742 quae
1085 2663 1168 2724 esset
1189 2661 1276 2721 recta
1297 2676 1370 2722 con·

191 2758 321 2824 structio
354 2758 497 2824 homines
526 2778 657 2845 prorsus
691 2760 758 2825 fere
792 2758 882 2825 obliti
918 2768 1017 2826 erant.
1066 2759 1236 2826 Praeterea
1264 2756 1370 2823 verbis

190 2857 287 2924 finitis
310 2859 363 2924 alii
386 2860 462 2926 alibi
485 2860 752 2927 substantivorum
780 2880 874 2926 casus
901 2861 1002 2926 additi
1029 2867 1111 2926 sunt.
1154 2858 1224 2937 Quo
1252 2857 1370 2922 factum
1424 2913 1426 2919 .

191 2966 249 3041 est,
271 2966 305 3025 ut
326 2968 497 3043 postremo,
519 2967 688 3044 postquam
710 2981 820 3026 omnes
836 2980 904 3025 cum
925 2961 1070 3026 omnibus
1085 2978 1178 3025 casus
1188 2958 1278 3023 mixti
1288 2964 1370 3040 sunt,

192 3078 321 3124 casuum
352 3059 513 3124 distinctio
541 3061 638 3144 plane
668 3061 929 3144 exstinqueretur.
973 3060 1050 3125 Cum
1079 3066 1182 3125 autem
1211 3058 1290 3143 ipsis
1316 3078 1369 3123 ca·

191 3176 282 3223 suum
303 3157 577 3224 terminationibus
600 3179 720 3249 genera
741 3166 974 3244 separarentur,
997 3165 1217 3240 necesseerat,
1240 3164 1284 3238 ut,
1306 3159 1370 3223 illis

191 3257 304 3324 deletis
310 3306 321 3341 ,
349 3259 430 3323 baec
451 3279 574 3344 qnoque
597 3260 872 3327 confunderentur.
915 3261 964 3325 De
987 3279 1026 3325 ea
1047 3278 1175 3324 casuum
1198 3265 1369 3324 commuta-

190 3359 276 3424 tione
297 3358 449 3444 inspicias
471 3360 607 3446 exempli
631 3380 728 3427 causa
747 3362 884 3444 Rbnsch,
907 3362 945 3427 It
967 3382 994 3426 u.
1018 3361 1111 3444 Vulg.
1129 3359 1369 3447 pigeas-15,

190 3460 311 3538 Kraus,
345 3460 393 3527 De
423 3461 693 3545 praepositionum
726 3483 783 3528 usu
816 3463 901 3551 apud
930 3482 1000 3528 sex.
1018 3461 1188 3548 scriptores
1216 3460 1369 3527 historiae
1464 3475 1467 3481 ’

190 3564 354 3645 Augustae
377 3561 604 3646 (vindobonae
628 3563 738 3647 1882),
758 3583 833 3648 pag.
854 3564 911 3646 92,
932 3562 1161 3648 praelationem
1183 3562 1311 3629 Roberti
1327 3562 1369 3627 ad

190 3663 331 3728 codicem
353 3662 598 3746 Lugdunensem
614 3663 833 3747 Pentateuchi,
854 3664 990 3731 indicem
1011 3663 1179 3751 voluminis
1201 3665 1279 3730 VIII
1301 3684 1370 3730 cou-

191 3763 277 3846 poris
298 3763 537 3848 inscriptionum
558 3763 759 3848 Latinarum,
790 3765 928 3849 Hagenii
960 3763 1213 3832 dissertationem
1237 3765 1276 3831 de
1299 3765 1368 3832 Ori·

190 3861 272 3926 basii
293 3862 439 3929 versione
460 3864 584 3930 Latina.

272 3962 416 4046 Denique
447 3964 552 4031 medio
583 3985 663 4032 aevo
692 3985 842 4049 generum
871 3964 1073 4032 commutatio
1100 3964 1368 4030 assonantiae

191 4061 295 4127 studio
317 4063 533 4130 videturesse
555 4065 681 4150 adjuta,
713 4067 901 4152 saepissime
923 4065 1022 4146 enim,
1052 4065 1104 4130 obi
1127 4064 1189 4129 duo
1212 4065 1369 4130 vocabula

191 4161 334 4229 diversas
356 4165 388 4229 in
411 4164 553 4247 syllabas
575 4166 723 4231 exeuntia
740 4166 836 4250 juxta
857 4165 1006 4251 ponenda
1033 4174 1140 4248 erant,
1167 4165 1300 4231 alterum
1322 4167 1367 4231 al·

189 4263 265 4346 teri,
293 4265 381 4330 nulla
402 4265 524 4330 ratione
545 4267 667 4332 numeri
688 4269 739 4333 vel
761 4287 855 4333 casus
876 4266 1076 4351 grammatici
1098 4266 1222 4348 habita,
1245 4286 1368 4332 accom-

190 4365 351 4431 modatum
373 4372 430 4432 est
454 4365 569 4432 .Velut
589 4366 621 4431 in
649 4367 798 4433 chronico
819 4367 1036 4434 Novalioiensi
1065 4386 1141 4451 pag.
1163 4368 1183 4433 5
1214 4365 1365 4450 legimus:

189 4474 269 4549 ,erat
291 4474 380 4532 tauta
399 4466 569 4551 vigilantia
590 4473 621 4533 et
642 4467 747 4532 studia
769 4470 971 4550 sanctitatis,
1001 4467 1085 4553 apud
1108 4469 1293 4551 Aguellum,
1316 4469 1368 4552 qui

215 4570 319 4622 Appos,
334 4571 361 4611 de
375 4577 454 4613 uanus
467 4571 599 4613 intereunte.
1138 4568 1159 4638 2
