3388 5146
797 324 1027 445 (42-

335 524 428 586 rom.,
449 504 568 572 1101110.
589 507 624 572 it
642 505 785 586 ,nuvola,
806 504 942 570 nuvolo‘.
972 503 1092 570 Eodem
1107 504 1275 571 referenda
1292 510 1364 572 sunt
1374 503 1515 590 pluralia

334 612 454 671 tantum
476 622 581 691 arma,
602 608 719 690 spolia,
740 608 860 670 viscera
882 605 920 686 (it
939 606 1020 691 plur.
1044 605 1119 670 fem.
1140 606 1309 688 ,viscera‘).
1352 603 1514 691 Imprimis

334 707 524 790 corporis
545 708 712 773 membra
731 705 1028 784 memorandasunt,
1049 705 1153 790 ipsum
1164 706 1353 771 vocabulum
1363 704 1513 780 membra,

334 806 448 873 deinde
470 826 554 890 ossa,
576 815 732 894 tempora,
752 808 902 893 11190100,
922 808 992 889 otta,
1012 808 1167 890 00101110,
1192 806 1369 873 0011010010
1391 806 1513 871 bestiis.

335 907 417 986 Quin
445 908 486 973 ab
514 929 552 976 eo
574 909 660 993 quod
681 914 730 975 est
750 908 865 994 tapeta
886 906 1063 975 derivatum
1083 908 1186 974 Italici
1207 907 1313 992 ,bepa‘
1334 907 1374 972 de
1401 913 1514 974 ventre

335 1009 452 1076 dicunt.

416 1108 573 1175 Addenda
594 1115 666 1175 sunt
685 1109 736 1174 his
757 1110 917 1187 nonnulla,
939 1128 1031 1192 quae,
1053 1127 1122 1174 cum
1145 1128 1270 1194 semper
1292 1108 1390 1173 bina
1406 1112 1516 1173 essent

335 1210 568 1295 conjuncta,
589 1228 718 1276 numero
738 1209 854 1296 plurali
877 1209 981 1275 efferri
1003 1210 1150 1276 solebant
1169 1216 1200 1275 et
1220 1229 1283 1275 non
1299 1209 1402 1275 minus
1418 1228 1514 1292 quam

335 1310 393 1376 illa
419 1311 585 1376 collectiva
611 1310 703 1393 quasi
731 1330 795 1375 una
823 1330 875 1376 res
904 1310 1149 1396 accipiebantur.
1193 1309 1284 1375 Velut
1305 1310 1346 1375 ab
1369 1330 1406 1376 eo
1428 1309 1515 1392 quod

337 1418 386 1477 est
406 1408 499 1477 labra
519 1410 552 1475 it.
574 1412 717 1493 ,labbro‘,
739 1412 782 1496 pl.
796 1411 867 1476 fem.
882 1411 1016 1493 ,labbra‘
1039 1410 1212 1477 derivatum
1234 1416 1291 1493 est,
1313 1409 1514 1476 0101011011.

336 1513 381 1594 ,la
401 1511 538 1592 labelle‘,
559 1531 580 1576 a
600 1514 768 1597 supercilia
787 1511 872 1577 lusit.
889 1512 1108 1594 ,sobrecelba‘,
1133 1531 1153 1576 a
1174 1510 1321 1577 11000110
1342 1510 1400 1576 lus.
1423 1530 1515 1595 prov.

337 1615 471 1695 ,brassa‘
482 1618 540 1679 etc.
563 1611 867 1695 011110οΕ1165,
889 1619 930 1679 ab
941 1613 1038 1679 abero
1048 1613 1083 1678 it.
1092 1613 1222 1696 ,ubero‘,
1238 1614 1282 1698 pl.
1295 1612 1368 1679 fem.
1383 1612 1513 1694 ,ubera‘.

338 1714 429 1780 Adde
451 1715 659 1779 calceamenta
680 1721 711 1779 et
735 1713 886 1799 cymbala

420 1815 539 1883 Eodem
551 1813 655 1892 modo,
677 1834 739 1896 quo
759 1815 817 1879 illa
832 1814 1007 1893 collectiva,
1030 1813 1095 1878 alia
1115 1821 1236 1896 neutra,
1259 1833 1329 1880 cum
1349 1812 1516 1899 pluraliter

337 1935 435 2000 saepe
456 1922 690 1999 usurparentur,
712 1915 744 1980 in
761 1915 918 1995 ,feminina
939 1915 1011 1981 ideo
1035 1934 1189 1989 conversa
1210 1922 1291 1999 sunt,
1315 1913 1410 1998 quod,
1432 1933 1516 1996 quae

337 2016 464 2103 proprie
480 2036 520 2082 ex
530 2016 637 2081 multis
647 2016 791 2102 partibus
806 2016 1004 2096 constabant,
1025 2015 1062 2080 in
1083 2035 1196 2081 unam
1210 2016 1417 2081 notionem
1430 2034 1516 2080 coa·

337 2120 507 2183 luerunt.
529 2117 579 2182 Ad
601 2116 661 2181 hoc
681 2137 783 2201 genus
803 2119 976 2204 pertinent:
992 2116 1214 2200 fundamenta,
1237 2117 1276 2182 de
1293 2135 1357 2200 quo
1370 2115 1409 2182 cf.
1422 2135 1452 2200 p.
1463 2115 1515 2197 27,

339 2219 435 2300 011010,
449 2219 618 2302 membra,
640 2238 789 2304 respousa
811 2225 870 2285 etc.
893 2219 933 2284 cf.
954 2238 986 2303 p.
999 2217 1049 2284 25.
1085 2217 1197 2283 Eidem
1208 2218 1317 2301 generi
1334 2215 1516 2283 adscriben-

339 2318 398 2384 dus
409 2318 512 2402 major
531 2340 677 2386 numerus
700 2340 807 2387 eorum
829 2319 1107 2398 substantivorum,
1128 2336 1209 2401 quae
1232 2338 1272 2383 ex
1293 2316 1517 2402 adjectivis

339 2419 526 2485 derivata
547 2420 588 2485 ad
609 2422 736 2503 linguas
749 2420 940 2486 Romanicas
961 2424 1179 2503 pervenerunt,
1203 2419 1289 2485 velut
1309 2421 1395 2502 01010,
1417 2419 1516 2505 capli-

339 2522 404 2584 cc'ta
426 2519 478 2600 (D.
500 2519 535 2583 Ε.
557 2519 606 2583 W.
629 2520 715 2602 579),
735 2528 838 2606 peste,
861 2522 974 2586 merita
996 2520 1154 2604 (comm),
1176 2540 1273 2603 coca,
1290 2528 1425 2606 parata,
1441 2541 1515 2606 pcc-

340 2626 421 2700 catc,
442 2619 579 2685 reddita.
622 2619 701 2685 Oum
723 2622 805 2687 enim
827 2620 963 2686 dubitari
985 2620 1096 2705 possit,
1121 2640 1193 2685 num
1216 2621 1358 2687 feminini
1381 2622 1515 2688 alieuius

341 2719 500 2786 subauditi
521 2740 622 2804 genus
644 2726 753 2786 secuta
774 2723 854 2804 sint,
885 2727 1008 2803 tamen,
1041 2721 1116 2805 quia
1138 2723 1169 2786 in
1191 2722 1303 2788 iisdem
1325 2724 1420 2790 medii
1443 2723 1515 2803 aevi

329 2821 467 2909 seriptis
487 2821 587 2886 multa
609 2829 640 2887 et
659 2827 771 2887 neutra
791 2828 823 2887 et
844 2822 995 2888 feminina
1017 2823 1172 2906 legantur,
1195 2842 1212 2889 e
1233 2824 1353 2890 neutris
1371 2824 1516 2891 videntur

341 2927 410 2988 orta
432 2940 511 2988 csse.
554 2921 687 3004 Deinde,
710 2941 778 2988 cum
790 2922 966 3007 pluralibus
986 2942 1067 3006 quae
1089 2931 1161 2989 sunt
1180 2926 1354 2990 miracul
1361 2946 1382 2991 a
1402 2933 1433 2992 et
1453 2927 1516 2990 mc·-

340 3024 491 3091 rabilio
517 3023 662 3107 singulae
687 3023 763 3089 iacti
785 3022 906 3108 egregii
929 3032 1036 3107 partes
1059 3024 1230 3109 antiquitus
1254 3024 1517 3111 significarentur,

340 3125 473 3211 pluralis
491 3126 585 3190 cessit
598 3125 762 3210 singulari,
778 3125 852 3191 inde
866 3125 947 3211 hisp.
960 3126 1162 3211 ,miraviglia‘
1174 3132 1243 3209 etc,
1256 3126 1340 3193 lusit.
1353 3127 1517 3210 ,miracla‘,

340 3226 435 3310 prisc.
458 3225 495 3290 fr.
516 3225 668 3308 ,miracle‘
689 3245 799 3293 comm.
823 3227 864 3292 cs.
887 3227 967 3292 Diez
989 3226 1042 3292 Gr.
1064 3227 1121 3292 11³
1141 3248 1174 3313 p.
1195 3228 1248 3295 23.

422 3325 642 3413 1100090110
661 3331 767 3390 autem
789 3368 828 3380 -
851 3327 1038 3412 saepissime
1049 3327 1154 3393 medio
1169 3347 1248 3393 aevo
1262 3327 1294 3393 in
1309 3328 1445 3394 formula
1465 3346 1516 3394 so·

342 3428 437 3493 lemni
467 3427 585 3512 ,jurare
617 3445 714 3510 supra
747 3426 817 3509 (ad,
838 3447 896 3512 per
917 3432 990 3510 010.)
1014 3435 1125 3494 sancta
1146 3428 1197 3494 dei
1219 3429 1397 3512 evangelia‘
1419 3427 1516 3510 (Mon.

343 3527 382 3592 H.
405 3529 440 3594 P.
463 3527 519 3594 Ob.
539 3529 574 3610 1,
596 3526 658 3595 708
679 3546 709 3592 a.
733 3526 812 3595 1093
835 3536 893 3593 etc.
938 3529 1100 3595 Hincmari
1132 3529 1297 3596 Remensis
1329 3549 1402 3595 ann.
1433 3528 1516 3594 Mon.

336 3627 381 3694 G.
405 3629 437 3695 S.
461 3632 489 3710 1,
511 3628 591 3710 468,
616 3628 671 3706 32)
703 3634 886 3713 usurpatum
913 3666 954 3676 -
983 3636 1133 3696 eneutro
1160 3631 1347 3697 femininum
1374 3630 1441 3696 fieri
1462 3649 1517 3694 ne-

344 3748 433 3795 cesse
454 3734 538 3810 crat,
566 3728 641 3810 quia
661 3728 741 3793 haec
763 3729 882 3814 scripta
901 3730 934 3794 in
955 3750 1050 3796 unum
1073 3751 1186 3817 corpus
1209 3733 1343 3799 collecta
1364 3730 1445 3796 tradi
1467 3748 1517 3795 so-

343 3828 417 3894 lent.
459 3827 538 3893 Inde
565 3827 598 3892 in
624 3827 734 3912 lingua
762 3830 990 3914 francogallica
1022 3830 1117 3897 medii
1149 3834 1219 3898 aevi
1247 3831 1418 3917 ,evangile‘
1444 3829 1516 3896 iem.

344 3927 518 3994 derivatum
541 3933 598 4009 est,
621 3928 705 4010 quod
725 3948 824 4013 usque
846 3929 888 3995 ab
909 3932 1070 3998 saeculum
1092 3935 1141 4001 17.
1176 3953 1276 4018 genus
1293 3933 1444 3999 muliebre
1459 3932 1518 3997 tui·
1572 4010 1575 4013 Α

344 4034 410 4094 turn
439 4035 502 4107 est,
536 4027 575 4095 ci.
605 4027 741 4114 Ampere
771 4052 801 4115 p.
823 4032 880 4111 50,
914 4032 1129 4100 Darmesteter
1155 4054 1187 4120 p.
1209 4035 1280 4103 251.
1324 4034 1445 4100 Eadem
1478 4032 1518 4098 de

345 4149 443 4196 causa
463 4129 585 4212 ,biblia‘
605 4129 644 4195 de
665 4131 754 4196 libris
776 4133 876 4197 sacris
897 4131 1014 4199 dictum
1036 4141 1066 4200 01
1082 4134 1255 4217 ,chronica‘
1276 4135 1318 4201 ad
1334 4134 1517 4203 femininum

344 4250 444 4315 genus
466 4229 590 4297 detorta
610 4238 691 4296 sunt.
942 4238 945 4243 “

427 4330 685 4398 Sacramenta
705 4338 737 4397 et
756 4339 846 4398 cota
866 4339 956 4399 erant
975 4335 1152 4421 complures
1173 4336 1328 4402 formulae
1350 4337 1464 4420 quibus
1485 4341 1523 4413 ut

346 4452 409 4501 una
430 4453 481 4500 res
503 4433 678 4505 efficeretur
699 4435 955 4518 promittebatur,
981 4436 1138 4520 ,praebuit
1156 4442 1368 4507 sacramenta‘
1397 4444 1431 4504 ut
1456 4438 1517 4503 for·

1619 4874 1656 5134 1
