3388 5146
645 322 921 403 -3r-”

161 523 201 584 et
229 513 533 583 terminationis
565 515 888 601 discrepantiam
920 514 1014 582 tolli
1046 515 1158 582 sciere.
1202 513 1337 581 Omnino

158 621 228 704 jam
248 620 281 685 in
302 618 410 705 prisca
432 617 601 683 Latinitate
629 615 696 683 fieri
723 617 929 702 nonpotuit,
963 616 1037 699 quin
1069 637 1169 700 genna
1201 615 1337 681 maxime

161 723 195 787 in
223 740 330 786 earum
352 717 623 802 terminationem,
659 711 772 800 quibus
800 717 917 784 diversi
948 717 1075 801 generis
1107 717 1264 782 vocabula
1291 715 1337 781 in·

162 822 269 906 signia
290 827 389 903 erant,
411 820 616 889 substantivis
637 838 701 884 non
721 818 911 898 variaretur,
943 818 982 884 ci.
1011 819 1051 884 de
1079 817 1284 885 substantivis
1304 817 1337 882 in

162 923 214 1006 ‚is‘
234 913 314 988 Neu.
343 944 373 1007 p.
396 921 457 990 671
479 941 526 1005 sq.
561 919 686 987 ‘Contra
716 919 903 1007 ubicumque
930 921 1028 986 multo
1058 920 1161 1005 major
1189 936 1337 984 numerus

163 1024 388 1090 venabulorum
410 1022 442 1089 in
465 1023 597 1089 eandem
619 1020 870 1087 terminationem
884 1020 1063 1087 exeuntium
1079 1019 1132 1085 nni
1149 1026 1217 1085 erat
1228 1017 1338 1103 generi

164 1124 342 1207 attributus,
363 1129 397 1189 ut
418 1123 478 1190 boc
499 1143 568 1190 cum
590 1123 646 1189 illa
668 1121 758 1204 quasi
781 1124 977 1205 conjunctum
1000 1126 1083 1187 esset
1101 1126 1132 1185 11
1147 1121 1337 1206 copulatum,

162 1245 267 1309 pauca
280 1225 445 1308 vocabula,
468 1244 549 1307 qnae
571 1243 687 1307 genere
709 1221 906 1304 differebant,
930 1222 968 1305 ei,
990 1240 1051 1306 qno
1073 1220 1175 1305 major
1191 1238 1339 1285 numerus

162 1325 325 1411 praeditus
347 1333 423 1404 erat,
445 1325 554 1408 generi
577 1324 816 1390 accommodata
838 1330 920 1388 suut.
963 1322 1057 1390 Velut
1078 1322 1263 1387 arborum
1284 1341 1338 1403 no·

163 1428 250 1495 mina
277 1426 310 1491 in
338 1428 398 1509 ,us‘
424 1425 572 1492 exeuntia
597 1432 630 1491 in
658 1423 777 1508 linguis
804 1422 984 1490 Romanicls
1006 1423 1181 1489 masculina
1203 1427 1338 1488 exstant.

164 1527 215 1592 Ad
240 1527 324 1611 quod
352 1526 603 1592 terminationem
636 1545 706 1591 cum
733 1526 859 1613 diverso
887 1523 982 1589 modo
1009 1543 1060 1589 res
1084 1523 1244 1608 cogitandi
1266 1541 1338 1588 oon-

159 1630 303 1714 junctam
329 1629 402 1715 plus
428 1626 583 1709 valuisse,
617 1646 711 1709 qnam
734 1646 824 1692 usum
847 1626 936 1691 illum
957 1625 1144 1710 scriptorum
1165 1622 1339 1690 vetustissi-

164 1748 300 1810 morum,
332 1747 423 1811 quem
445 1747 476 1812 p.
499 1729 518 1795 5
541 1729 801 1810 commemoravi,
832 1725 906 1792 inde
930 1725 1079 1806 efficitur,
1102 1724 1186 1810 quod
1208 1740 1338 1790 consue·

164 1830 306 1896 tudinem
338 1829 427 1894 illam
456 1848 600 1894 sermone
622 1829 745 1912 vulgari
768 1828 981 1894 continuatam
1003 1846 1088 1911 esse,
1111 1826 1255 1909 quamvis
1276 1844 1340 1890 non

165 1930 374 2016 improbabile
407 1929 463 2011 sit,
496 1931 589 1996 certis
621 1926 774 2016 exemplis
802 1927 980 1995 confirmari
1008 1947 1070 1993 non
1092 1932 1207 2014 potest.
1251 1926 1341 1991 Haec

164 2032 248 2099 enim
269 2032 373 2118 prima
392 2037 465 2115 post
483 2031 539 2096 illa
559 2033 683 2116 priscae
705 2029 884 2095 Latinitatis
905 2028 982 2093 mibi
999 2035 1075 2094 nota
1092 2034 1165 2094 sunt
1179 2028 1339 2111 exempla:

163 2136 290 2199 almas
316 2150 413 2197 masc.
441 2130 532 2197 initio
559 2130 643 2196 tertii
672 2151 703 2215 p.
726 2130 783 2197 ch.
805 2152 836 2195 n.
860 2130 978 2196 saeculi
1006 2128 1168 2212 Gargilius
1197 2129 1237 2195 de
1264 2147 1341 2194 cura

165 2235 260 2300 boum
282 2235 336 2312 10,
367 2232 485 2297 alaaa
513 2229 684 2317 Compend.
718 2230 793 2296 Vitr.
821 2230 861 2296 de
884 2231 946 2296 div.
969 2230 1050 2297 fabr.
1074 2229 1184 2296 arabit.
1206 2228 1278 2309 297,
1299 2227 1342 2295 20

165 2336 201 2400 R.
216 2334 359 2419 papali
379 2332 461 2398 aldi
484 2330 596 2416 chet.
620 2331 649 2411 5,
669 2331 765 2412 615.
785 2369 825 2378 -
858 2330 968 2410 Quid?
990 2331 1074 2415 quod
1089 2349 1196 2416 papa
1210 2335 1241 2394 et
1253 2347 1342 2414 prae

163 2435 285 2519 pheta
306 2452 326 2499 1
347 2434 461 2519 priscis
481 2433 702 2516 Francogallis
724 2451 946 2516 nonnunquam
968 2431 1120 2498 feminina
1141 2427 1321 2515 ponuntur?

248 2532 444 2618 Saepissime
477 2540 581 2600 autem
609 2534 679 2618 jam
712 2534 819 2618 prisca
850 2539 954 2601 111111
989 2533 1146 2600 vocabula
1184 2552 1224 2597 ex
1258 2530 1342 2613 aliis,

164 2637 335 2721 praecipue
358 2654 398 2701 ex
420 2635 571 2701 Graeca
598 2634 708 2718 lingna
735 2641 861 2720 sumpta
889 2634 934 2719 ei,
969 2655 1031 2719 qno
1052 2632 1209 2700 vocabula
1230 2632 1342 2698 eodem

164 2736 260 2803 modo
292 2735 440 2803 exeuntia
473 2756 493 2800 1
527 2735 649 2802 Latinis
681 2737 928 2821 usurpabantur,
962 2737 1071 2821 generi
1103 2731 1343 2802 accommodata

166 2845 245 2905 sunt.
288 2837 383 2904 Velut
410 2837 615 2903 fluminum
637 2838 766 2902 nomina
794 2838 916 2922 primae
943 2837 1178 2919 declinationis,
1210 2854 1341 2919 quorum

165 2941 261 3023 stirps
282 2939 313 3003 in
333 2944 373 3023 ,1ι
394 2937 524 3017 desinit,
552 2956 572 3003 a
592 2936 714 3003 Latinis
740 2957 837 3023 saepe
858 2938 891 3002 in
912 2938 1064 3004 feminina
1085 2944 1157 3003 sunt
1178 2955 1341 3003 conversa.

166 3041 261 3106 Velut
284 3038 408 3123 Trebia,
431 3057 493 3122 quo
514 3038 691 3103 masculino
712 3037 792 3104 Plin.
815 3044 847 3103 et
867 3038 963 3103 Silius
984 3045 1125 3120 utuntur,
1157 3037 1341 3102 femininum

166 3138 314 3203 Manilius
336 3139 434 3222 ponit,
454 3138 613 3203 Druentia
633 3157 731 3204 masc.
752 3137 824 3219 Sil,
846 3137 918 3203 fem.
939 3137 1076 3217 Ancon,
1098 3137 1232 3201 Himera
1244 3156 1340 3202 masc.

167 3239 267 3322 Mela,
295 3237 368 3305 iem.
391 3238 462 3319 Sil,
483 3238 661 3304 <Garumna
681 3256 779 3303 masc.
801 3237 889 3320 Tib,
924 3237 1023 3321 11111,
1057 3236 1129 3317 1111,
1164 3245 1198 3302 ut
1225 3236 1341 3302 Strabo

168 3338 379 3424 ὃΓαρούνας
408 3338 499 3422 dicit,
530 3338 603 3405 lem.
630 3340 750 3406 Auson.
777 3340 837 3406 bis.
879 3339 1000 3404 Eadem
1030 3336 1257 3405 recentioribus
1284 3356 1341 3421 po·

166 3441 250 3527 pulis
281 3441 463 3525 plerumque
496 3440 647 3506 feminina
680 3445 763 3505 sunt.
814 3439 975 3506 Nonnulla
1007 3439 1173 3505 fluminum
1205 3437 1346 3516 nomina,

166 3562 229 3608 non
249 3561 271 3608 a
292 3541 423 3608 Graecis
444 3541 647 3627 deprompta,
676 3540 787 3622 modo,
815 3547 849 3608 ut
869 3540 1059 3625 significatio
1082 3540 1195 3623 exigit,
1218 3558 1342 3604 mascu-

165 3644 248 3726 lina,
275 3642 388 3726 modo,
422 3649 457 3708 ut
487 3644 589 3708 exitus
621 3644 778 3729 postulat,
807 3643 959 3709 feminina
986 3649 1067 3708 sunt.
1110 3641 1204 3707 Velut
1223 3639 1342 3705 Allata

166 3763 264 3809 masc.
287 3749 318 3809 et
337 3743 411 3809 iem.
435 3742 493 3810 Ov.
516 3750 548 3809 et
568 3744 676 3825 Mart,
700 3746 836 3811 Mosella
866 3764 963 3810 maso.
986 3751 1017 3810 et
1043 3743 1118 3810 iem.-
1139 3742 1232 3825 Ans,
1266 3740 1340 3807 fem.

167 3845 299 3909 Venant.
320 3843 483 3910 Fortunat.
506 3843 546 3910 cf.
568 3844 703 3910 Neuinm
723 3866 755 3931 p.
777 3845 840 3912 610
861 3845 982 3913 11641.

247 3943 371 4009 Deinde
405 3944 516 4010 codem
554 3936 666 4030 modo,
706 3965 768 4029 qno
802 3944 932 4012 flumina
968 3944 1039 4028 1111,
1079 3944 1145 4010 1111
1184 3943 1341 4009 vocabula

167 4044 291 4111 Graeca
311 4043 344 4108 in
366 4063 408 4109 as
429 4047 480 4110 vel
503 4065 543 4111 es
565 4046 743 4112 desinentia
772 4064 872 4129 genus
903 4045 1086 4112 femininum
1118 4044 1228 4109 induta
1259 4050 1339 4126 sunt,

166 4145 252 4211 velut
279 4143 389 4209 charta
416 4144 490 4210 inde
522 4146 563 4210 ab
584 4147 687 4213 Ennio
720 4151 806 4230 (ann.
826 4147 897 4215 229.
924 4147 957 4213 it.
985 4148 1105 4227 ,cantat
1133 4143 1171 4210 ir.
1200 4144 1341 4226 ,charte‘

166 4247 206 4314 ef.
227 4244 334 4311 Weise
355 4244 459 4329 eta),
489 4266 629 4330 gausape
654 4248 729 4315 inde
752 4268 772 4312 a
792 4246 914 4314 Lucilio
936 4247 1001 4333 (20,
1024 4245 1137 4327 111),
1164 4247 1341 4329 margarita

165 4346 239 4413 inde
260 4366 281 4411 a
302 4346 444 4412 Varrone
473 4347 598 4431 legitur.
640 4347 762 4414 Eadem
795 4348 834 4416 de
866 4368 963 4415 causa
996 4349 1029 4413 in
1058 4347 1168 4429 lingua
1202 4346 1341 4413 Franco·

166 4450 321 4533 gallorum
359 4449 488 4532 comete,
521 4450 663 4534 planete,
694 4452 804 4535 pyrite
841 4450 992 4517 feminina
1024 4455 1110 4529 sunt,
1149 4467 1338 4532 quamquam

1080 4550 1131 4619 311
