3388 5146
713 344 900 410 ..7-

214 525 434 606 excerptorum
456 521 496 586 dc
526 521 668 600 nomine,
701 542 783 605 quae
806 522 902 589 Probi
930 524 1057 589 nomine
1084 524 1203 590 tradita
1230 530 1319 605 sunt,
1348 545 1400 610 ap.

216 621 298 687 Keil.
320 623 350 703 4,
372 621 435 688 280
455 641 514 705 sq,
538 622 726 690 Consentius
747 625 780 690 in
801 628 877 690 Arte
899 645 952 710 ap.
974 625 1057 691 Keil.
1080 627 1110 703 b,
1133 627 1205 705 345,
1229 628 1269 694 10
1290 646 1338 709 sq.

296 722 415 787 Postea
436 729 547 805 gentes
563 724 729 804 barbarae,
752 725 783 790 in
799 727 980 810 provincias
995 726 1120 809 imperii
1136 727 1269 792 Romani
1291 729 1399 792 irrum-

213 829 341 905 pentes,
364 823 522 906 linguam,
550 843 644 906 quam
668 845 813 891 sermone
836 827 996 892 cotidiano
1020 826 1223 892 vehementer
1245 827 1400 893 detortam

214 931 446 1005 cognoverant,
469 928 574 1007 magis
596 926 691 990 etiam
713 933 928 1011 corruperunt.
966 927 1006 991 Et
1027 926 1154 1007 generis
1176 927 1303 1008 quidem
1327 948 1400 992 con-

214 1022 319 1087 versio
340 1024 428 1107 prius
449 1023 481 1088 in
505 1024 645 1107 Gallia1)
668 1032 700 1089 et
721 1026 827 1104 Italia,
849 1033 963 1112 postea
984 1029 1016 1091 in
1038 1027 1198 1112 Hispania
1219 1028 1399 1108 increbruit,

214 1142 404 1206 quamquam
429 1124 498 1207 jam
522 1124 664 1191 Isidorus
692 1128 846 1191 nonnulla
873 1128 941 1192 eius
970 1128 1117 1211 exempla
1144 1127 1285 1212 praebet.
1329 1127 1400 1204 Quo

213 1224 431 1289 venementius
459 1245 543 1290 nono
573 1228 702 1292 saeculo
731 1233 763 1292 et
790 1228 995 1310 sequentibus
1025 1229 1067 1293 ab
1089 1228 1241 1312 Hispanis
1268 1227 1401 1292 confusa

214 1330 287 1389 sunt
307 1344 444 1407 genera3
468 1326 542 1410 quin
565 1327 654 1410 ipsos
677 1329 847 1414 episcopos
864 1328 1095 1412 Hispanienses
1117 1328 1178 1392 hec
1200 1333 1315 1408 aetate,
1337 1348 1401 1410 qne

213 1425 422 1492 ecclesiastici
445 1426 626 1503 Gallorum,
649 1428 897 1511 Germanorum,
920 1430 1070 1495 italorum
1098 1450 1160 1494 non
1191 1430 1322 1495 multum
1346 1429 1399 1494 dc,

213 1533 348 1611 prevete
371 1527 538 1592 utebantur
560 1547 705 1594 sermone
728 1529 858 1611 Latino,
888 1549 950 1594 non
976 1530 1057 1596 bene
1085 1530 1225 1595 eruditos
1247 1530 1346 1595 fuisse
1367 1530 1400 1593 in

213 1629 325 1711 lingua
346 1626 462 1690 Latina
485 1647 525 1692 ex
547 1628 743 1696 documentis
765 1630 797 1694 in
820 1630 951 1715 llsparia
972 1630 1120 1714 Sagrada
1146 1631 1288 1714 collectis
1311 1630 1400 1695 facil·

214 1728 288 1793 lime
311 1728 521 1809 cognoscitur.

297 1828 367 1892 Hoc
381 1828 487 1893 statim
502 1829 573 1893 loco
591 1848 714 1910 moneo,
730 1832 843 1895 cumin
857 1829 1023 1895 vocibus
1037 1851 1081 1896 cx
1094 1829 1402 1913 linguaGraeca

214 1928 405 2006 adscitis,
426 1935 491 1993 tum
506 1928 539 1992 in
551 1929 601 2008 iis,
613 1950 696 2012 qnae
711 1932 847 1996 maxime
860 1932 891 1994 in
907 1950 961 1996 ore
975 1932 1219 1997 rusticorum
1235 1930 1400 2012 florebant,

214 2029 403 2113 saepissime
414 2029 484 2110 jam
503 2030 642 2113 antiquis
657 2032 851 2113 temporibus
870 2051 970 2113 genus
987 2031 1168 2096 fluctuasse.
1204 2032 1402 2096 Documento

214 2131 290 2207 sint,
319 2149 401 2213 qnae
424 2148 487 2194 non
510 2149 573 2195 une
595 2131 666 2195 loco
687 2132 900 2214 reperiuntur:
931 2151 1024 2211 arva,
1055 2130 1204 2213 praedia,
1233 2130 1400 2211 territoria,

214 2236 317 2313 prata,
339 2230 448 2310 funda,
471 2229 619 2309 fundora,
641 2230 768 2310 tribule,
792 2232 880 2312 retia,
904 2251 994 2315 rapa,
1017 2236 1131 2309 areter,
1154 2250 1262 2313 opera,
1279 2230 1401 2311 faenus,

214 2338 382 2414 praeterea
403 2349 526 2409 caseus,
548 2350 664 2413 ganea,
686 2330 750 2411 file,
774 2334 891 2414 caelus,
914 2332 1088 2416 sepulcrm,
1111 2351 1204 2412 nova,
1227 2333 1399 2396 metellum.

214 2430 307 2495 Adde
328 2431 470 2495 membra
491 2431 634 2513 corporis
656 2430 828 2513 dequibus
849 2432 933 2497 infra
949 2434 1117 2499 dicendum
1139 2431 1207 2497 erit.
1242 2431 1335 2508 Quod
1359 2430 1401 2495 ad

215 2532 374 2597 vocabula
396 2551 434 2596 ex
457 2532 567 2614 lingna
589 2532 714 2597 Graeca
735 2532 925 2618 deprompta
948 2533 1069 2615 attinet,
1091 2540 1203 2597 neutra
1224 2531 1257 2595 in
1278 2557 1325 2613 μα
1348 2531 1401 2596 de·

216 2631 353 2698 sinantia
381 2638 412 2695 et
439 2632 537 2696 multa
563 2632 686 2696 urbium
716 2634 846 2698 nomina
873 2633 1010 2717 pluralia
1042 2633 1169 2716 generis
1200 2633 1342 2698 neutrius
1369 2632 1401 2696 in

215 2732 368 2799 feminina
392 2752 463 2799 esse
492 2752 662 2811 conversa,
690 2735 790 2798 multa
817 2733 969 2800 feminine
998 2737 1029 2799 in
1052 2735 1079 2799 is
1103 2734 1252 2799 exeuntia
1274 2734 1316 2797 ad
1339 2733 1401 2815 pri-

288 2941 325 3007 ll
342 2938 480 3006 lnspicias
504 2939 678 3006 prooemium
698 2953 717 2991 a
740 2937 917 3007 Gregorio
935 2937 1139 2992 Turonensi
1164 2938 1235 2993 libro
1254 2937 1401 2992 Miraculo·

216 3043 274 3081 rum
287 3030 312 3082 7.
332 3028 403 3094 (sive
422 3027 457 3081 de
476 3027 569 3095 gloria
587 3025 789 3093 consessorum)
802 3026 989 3092 antepositum
1006 3028 1061 3091 (ap.
1080 3025 1113 3079 H.
1133 3025 1162 3078 L.
1182 3026 1298 3081 Bordier
1317 3027 1403 3095 Grcg.

215 3115 281 3169 Tur.
298 3113 361 3168 libri
379 3115 472 3167 mirac.
493 3115 605 3182 aliaque
624 3129 711 3182 opera
729 3114 844 3176 minora,
862 3113 951 3168 Tome
962 3114 997 3167 ll.
1016 3114 1104 3167 Paris.
1116 3114 1200 3178 1860,
1220 3130 1246 3181 p.
1257 3115 1402 3183 eta-41),

217 3203 265 3257 ubi
283 3204 452 3271 episcopus,
478 3204 525 3272 qni
544 3204 604 3257 sine
623 3201 708 3256 dubio
737 3202 810 3255 inter
834 3201 968 3270 aequales
994 3201 1122 3255 doctrina
1146 3201 1319 3267 excellebat,
1349 3205 1403 3257 hoe

216 3291 300 3347 modo
319 3292 457 3360 queritur:
489 3291 609 3360 ‚Timeo,
627 3308 662 3346 ne
681 3306 743 3344 cum
761 3290 884 3345 scribere
903 3305 1038 3358 coepero,
1059 3289 1125 3359 quia
1143 3305 1203 3344 sum
1224 3291 1284 3344 sine
1302 3286 1403 3346 litteris

217 3380 362 3436 rhetoricis
382 3386 411 3434 et
429 3387 490 3436 arte
508 3379 698 3450 grammatice,
720 3377 798 3433 dieat
816 3378 881 3433 mihi
900 3379 1015 3449 aliquis:
1036 3420 1086 3434 ...
1106 3395 1177 3447 opus
1196 3378 1249 3433 hoc
1269 3379 1403 3448 aperitis

216 3471 306 3541 accipi
317 3476 411 3540 putas,
430 3470 474 3524 cui
490 3470 631 3538 ingenium
644 3468 713 3523 artis
725 3484 781 3523 non
795 3468 965 3537 suppeditat,
985 3484 1037 3523 nec
1050 3468 1107 3523 ulla
1119 3469 1274 3523 litterarum
1287 3468 1404 3523 scientia

215 3558 427 3616 subministrat?
452 3559 499 3628 qui
517 3558 621 3612 nullum
641 3564 833 3627 argumentum
852 3557 919 3612 utile
938 3557 966 3611 in
985 3557 1084 3612 litteris
1102 3556 1206 3625 habes,
1226 3557 1272 3625 qui
1291 3557 1404 3611 nomina

216 3648 378 3704 discernere·
393 3649 499 3714 nescis;
519 3648 634 3714 saepius
653 3663 704 3715 pro
723 3646 885 3701 masculinis
898 3644 1027 3712 feminea,
1046 3662 1098 3714 pro
1115 3644 1242 3701 femineis
1258 3652 1358 3700 neutra
1375 3651 1404 3700 et

216 3752 267 3806 pro
286 3736 392 3791 neutris
409 3736 563 3791 masculina
581 3743 749 3803 commutas,
768 3736 816 3805 qui
834 3735 912 3803 ipsas
931 3750 1044 3805 quoquc
1072 3734 1311 3804 praepositiones,
1332 3748 1403 3801 quas

216 3826 350 3882 nobilium
369 3825 536 3880 dictatorum
558 3824 704 3880 observari
722 3825 816 3880 sanxit
839 3825 1009 3891 auctoritas,
1038 3825 1101 3880 loco
1126 3823 1221 3880 debito
1240 3824 1403 3892 plerumque

218 3930 274 3968 non
292 3914 379 3969 locas.
415 3915 485 3970 Nam
504 3931 555 3982 pro
574 3912 708 3969 oblativis
727 3914 891 3969 accusativa
910 3920 939 3968 ct
952 3929 1066 3968 rursum
1086 3929 1137 3980 pro
1164 3911 1335 3967 accusativis
1354 3909 1403 3964 ab·
1487 3933 1488 3936 ¹

218 4002 306 4058 lativa
323 4002 413 4071 ponis.
442 4005 565 4058 Putasne
583 4001 730 4067 videbitur,
749 4008 780 4057 ut
798 4001 851 4057 bos
870 4002 953 4074 piger
970 4003 1128 4073 palaestrae
1148 4001 1241 4055 ludum
1262 4006 1402 4065 exerceat,

219 4096 268 4146 aut
287 4091 382 4146 asinus
402 4092 498 4160 segnis
516 4092 587 4146 inter
602 4090 819 4161 sphaeristarum
834 4090 959 4146 ordinem
978 4091 1062 4145 celeri
1080 4091 1179 4146 volatu
1194 4091 1357 4145 discurratt‘
1369 4120 1403 4129 -

217 4176 336 4235 Adnoto
354 4185 458 4247 tamen,
478 4179 641 4248 Gregorium
653 4180 709 4248 qui,
728 4181 904 4250 ignorantiae
922 4180 976 4235 sibi
995 4179 1133 4242 conscius,
1153 4195 1267 4250 operam
1288 4178 1403 4246 dederit,

217 4287 253 4326 ne
265 4285 372 4340 genera
385 4259 575 4334 commutaret,
594 4285 645 4339 pro
659 4268 791 4323 librorum
803 4269 886 4340 copia
902 4285 957 4324 non
975 4271 1015 4323 ita
1029 4269 1130 4323 multos
1145 4268 1282 4323 eiusmodi
1297 4283 1404 4322 errores

217 4360 405 4427 commisisse,
425 4373 606 4428 quamquam,
635 4365 666 4412 ut
683 4359 816 4413 nonnulla
833 4359 961 4424 afferam,
981 4364 1081 4429 sputus
1097 4373 1182 4412 masc.
1202 4357 1309 4424 albula,
1330 4372 1403 4413 cam-

217 4463 327 4521 panea,
347 4448 483 4519 claustra,
502 4447 615 4515 horrea,
634 4448 756 4518 sabana,
776 4448 863 4518 vitra,
884 4448 1060 4521 cataplasma
1081 4445 1145 4501 fem.
1166 4447 1268 4516 posuit.
